2684 4508
492 234 599 288 orror
617 235 635 288 t
653 236 670 302 a
688 237 797 289 eo-ou
1136 230 1175 290 tt

110 410 204 472 datur.
239 411 342 489 Neque
357 427 413 488 ego
429 409 459 469 in
476 408 531 481 his,
552 406 712 485 dequibus
734 424 798 468 sum
813 405 940 480 locutus,
962 408 1015 468 has
1029 407 1105 468 solas
1120 407 1177 469 rir-
1200 416 1232 469 to

110 505 188 559 tutes
203 496 253 557 sed
268 496 321 555 has
335 494 511 574 praecipuas
524 502 607 571 puto,
623 509 680 552 nec
694 499 809 552 ceteros
820 510 924 571 parum
940 493 1031 554 fuisse
1045 510 1177 571 magnos.

110 581 189 653 Quin
205 581 294 643 etiam
310 579 493 640 Phalerea
507 577 588 638 illum
610 576 856 651 Demetrium,
878 595 1056 656 quamquam
1076 577 1101 638 is
1116 577 1178 656 pri·

109 685 191 729 mum
206 665 367 727 inclinasse
382 663 581 742 eloquentiam
596 661 713 735 dicitur,
728 660 855 722 multum
869 662 980 742 ingenii
997 662 1133 724 habuisse
1149 671 1178 722 et

108 751 265 813 facundiae
278 751 380 824 fateor,
401 749 448 810 vel
462 747 501 809 ob
515 745 572 808 hoc
595 746 737 808 memoria
750 747 882 825 dignum,
906 748 983 826 quod
999 747 1120 809 ultimus
1135 755 1180 809 est

65 894 67 901 .
108 839 172 899 fere
187 856 223 898 ex
238 835 350 909 Atticis,
365 834 416 913 qui
430 832 488 894 dici
502 833 595 912 possit
609 841 709 893 orator
715 851 724 908 ;
746 850 835 910 quem
855 842 953 895 tamen
970 832 998 893 in
1016 832 1066 894 illo
1082 832 1178 894 medio

109 941 221 1002 genere
236 919 352 982 dicendi
365 920 496 998 praefert
510 917 648 979 omnihus
664 917 776 978 Cicero.

196 1005 451 1084 Philosophorum,
468 1021 502 1064 ex
516 1003 624 1082 quibus
638 1003 799 1082 plurimum
810 1021 843 1063 se
854 1003 977 1065 traxisse
993 1002 1179 1082 eloquentiae
1202 1010 1231 1063 81

111 1092 149 1153 bl.
166 1091 279 1152 Tullius
294 1091 462 1162 confitetur,
484 1088 550 1167 quis
564 1087 679 1148 dubitet
693 1087 892 1149 Platonem
907 1107 972 1149 esse
987 1089 1179 1167 praecipuum

110 1174 170 1238 sive
191 1176 324 1237 acumine
346 1174 511 1236 disserendi
532 1173 593 1234 sive
617 1171 776 1250 eloquendi
792 1172 929 1232 facultate
943 1173 1040 1234 divina
1056 1174 1180 1252 quadam

111 1271 141 1323 et
154 1259 330 1323 Homerica‘f
346 1260 472 1321 Multum
488 1257 567 1319 enim
579 1275 668 1336 snpra
679 1275 797 1335 prosam
809 1257 974 1319 orationem
989 1277 1076 1336 quam
1090 1259 1180 1338 pede·

110 1357 200 1409 strem
223 1345 328 1406 Graeci
349 1354 457 1406 vocant
477 1343 581 1421 surgit,
603 1350 636 1401 ut
656 1341 727 1402 mihi
750 1361 812 1403 non
833 1343 962 1405 hominis
985 1343 1106 1422 ingenio
1127 1345 1178 1406 sed

108 1433 237 1511 quodam
252 1431 388 1509 Delphici
402 1429 534 1491 videatur
545 1426 665 1487 oraculo
677 1427 724 1487 dei
739 1427 906 1490 instinctus.
937 1428 1014 1498 Quid
1030 1447 1085 1508 ego
1101 1447 1181 1490 com·
1204 1436 1235 1488 82

107 1534 272 1579 memorem
287 1513 562 1594 Xenophontis
577 1512 655 1573 illam
669 1511 881 1574 iucunditatem
897 1512 1111 1589 inadfectatam,
1130 1515 1180 1575 sed

110 1621 199 1683 quam
215 1600 295 1661 nulla
311 1599 455 1677 consequi
471 1597 626 1659 adfectatio
648 1595 762 1676 possit?
782 1606 817 1658 ut
838 1598 918 1678 ipsae
940 1617 1108 1660 sermonem
1124 1601 1181 1661 fln-

108 1688 186 1750 xisse
202 1685 318 1746 Gratiae
333 1685 489 1746 videantur
503 1694 540 1758 et,
556 1683 634 1762 quod
650 1682 686 1743 de
702 1682 815 1743 Pericle
830 1683 937 1745 veteris
953 1685 1121 1746 comoediae
1137 1693 1182 1746 te·

144 1804 185 1855 80.
198 1801 349 1852 Deneetriue
360 1816 410 1853 von
423 1800 557 1866 Phaleron,
569 1803 618 1852 31⁵1
670 1798 769 1861 kretes,
798 1797 892 1851 helrrer
918 1800 963 1853 der
990 1801 1180 1853 berhhmtesten

110 1871 151 1922 bie
161 1872 209 1922 307
220 1885 244 1921 v.
256 1868 311 1920 Chr.
330 1868 381 1921 fast
392 1867 620 1920 unumeohrirnlrter
670 1865 783 1932 Mirarer,
793 1869 840 1919 mit
849 1868 898 1919 den
906 1868 1108 1922 bedentendsten
1116 1869 1182 1922 Zeit-

110 1937 263 1990 Statthalter
274 1937 300 1988 io
309 1937 391 1989 Athen
402 1936 619 2000 tidthrzstatoen
671 1950 799 2001 genossen
816 1935 982 1990 verhehreod

110 2005 216 2058 worden
234 2005 285 2057 ihm
304 2005 445 2071 ergichtet),
469 2004 560 2057 darauf
576 2019 620 2070 ge·
704 2007 759 2054 siue
775 2032 809 2040 —
825 2006 892 2068 rice,
918 2006 1117 2070 nngewohnlich
1139 2022 1182 2073 ge-

109 2077 198 2137 etdrzt,
217 2072 276 2125 fand
288 2074 313 2125 in
325 2074 447 2141 Agypten
462 2072 620 2125 freuodliche
671 2070 778 2121 brancht
790 2071 857 2122 ohne
872 2070 981 2123 Verbum
994 2073 1018 2124 in
1032 2074 1114 2125 efnem
1127 2089 1183 2125 ver·

110 2141 252 2194 dufnahme
270 2141 395 2208 (Stiftuog
413 2142 458 2194 der
472 2138 620 2192 Bibliotheh
671 2137 777 2190 lrdrzten
798 2137 880 2189 Satze.

110 2211 134 2261 in
158 2210 336 2274 Alexandria),
362 2209 498 2277 gestorben
522 2211 571 2262 283
594 2207 621 2258 in
705 2206 854 2271 Homerica,
873 2207 924 2273 vgl.
942 2208 958 2271 ᾗ
976 2209 1017 2260 48.
1035 2211 1076 2262 65.

109 2277 290 2345 llberagypten
308 2279 334 2329 in
347 2277 391 2329 der
404 2277 576 2341 Verbannung
589 2290 620 2326 an
704 2276 864 2340 pedestrem,
887 2272 972 2340 πεζὸν
989 2272 1083 2345 fo'yor:
1100 2292 1182 2343 prore

109 2346 166 2398 dem
178 2346 253 2397 Bisse
272 2346 342 2397 einer
354 2346 489 2410 Schlenge.
519 2342 552 2394 Er
566 2343 621 2409 gaft
671 2344 723 2394 und
736 2344 868 2408 pedestria
881 2347 968 2395 oratio
981 2344 1093 2411 gehoren
1108 2345 1182 2397 heide

109 2413 150 2465 fur
168 2413 218 2464 den
236 2412 408 2477 geblldeteten
427 2412 549 2464 Griechen
572 2412 621 2463 sef-
672 2410 717 2463 der
734 2413 853 2479 spiteren
870 2412 926 2464 Zeit
943 2428 988 2478 an,
1014 2413 1100 2465 Cicero
1125 2420 1182 2479 segt

111 2496 157 2531 ner
174 2481 237 2532 Zeit.
673 2482 760 2530 oratio
778 2480 875 2531 soluto.

144 2547 235 2612 illum,
253 2547 298 2599 der
316 2547 382 2600 oben
400 2550 416 2613 ξ
434 2550 467 2600 33
486 2547 564 2600 echon
583 2563 621 2600 er·
709 2547 932 2612 Delphici-dei,
946 2547 1059 2614 vgl.Cie.
1072 2549 1104 2600 de
1115 2548 1182 2615 legg.

109 2616 199 2668 wdhnt
215 2616 257 2667 ist
674 2618 696 2677 l,
709 2617 754 2667 22:
768 2618 908 2681 praecepti
919 2620 995 2667 tantu
1012 2618 1053 2666 oie
1064 2643 1100 2655 -
1111 2621 1142 2666 ut
1152 2633 1190 2676 ea,

143 2685 294 2748 inclinasse,
309 2679 376 2736 ‘zum
390 2683 486 2736 Sinken
499 2685 621 2752 gebracht
671 2699 725 2736 raon
744 2685 847 2734 homini
863 2685 981 2750 cuipiam
998 2685 1045 2736 red
1054 2685 1184 2751 Delplueo

110 2745 210 2814 haben',
235 2753 286 2805 Cic.
304 2752 375 2805 Brut,
394 2757 418 2818 9,
437 2756 469 2806 38
493 2758 551 2819 segt
568 2767 620 2804 ron
673 2753 721 2804 deo
740 2754 911 2804 tribueretur.

109 2821 175 2872 ihm:
200 2821 249 2884 fiio
267 2825 374 2888 primur
394 2823 502 2885 iustruit
520 2824 621 2872 oratio·
708 2823 748 2873 82.
760 2820 916 2885 Xenophon,
930 2836 975 2872 aue
987 2821 1044 2873 dem
1058 2822 1184 2874 attiechen

109 2904 169 2938 uene
196 2894 222 2938 et
243 2905 301 2940 eam
321 2890 426 2941 mollem
451 2895 622 2954 teneramque
672 2887 767 2939 flemos
778 2888 877 2950 Erchia,
896 2889 954 2954 geb.
973 2904 1015 2940 um
1027 2893 1077 2943 444
1090 2906 1114 2942 v.
1127 2890 1184 2943 Ghr.

109 2955 235 3007 reddidit.
674 2954 1185 3022 SchrilerdesSolrrates,berirhmtdurch

145 3022 231 3073 medio
244 3024 351 3075 dicendi
360 3040 466 3089 genere,
479 3040 499 3076 s.
510 3041 542 3076 zu
554 3024 571 3091 ὅ
581 3028 623 3079 bt.
675 3024 746 3077 aeine
764 3023 913 3077 Teiloabme
931 3040 963 3076 an
981 3026 1038 3078 dem
1051 3027 1121 3095 Zoge
1139 3027 1184 3079 des

112 3091 163 3142 Cic.
183 3090 214 3141 de
233 3090 275 3142 off.
293 3090 312 3155 1,
333 3095 354 3155 1,
373 3095 396 3142 3.
671 3093 798 3158 jdngcren
812 3091 904 3160 Kyros,
923 3108 1013 3160 wegen
1029 3095 1113 3147 seiner
1124 3094 1184 3146 flin-

147 3159 246 3223 Cicero,
259 3159 291 3211 de
300 3165 364 3213 orat.
374 3158 401 3222 ll,
412 3161 452 3221 23,
463 3161 495 3210 95
506 3163 623 3211 omnium
675 3161 788 3227 neigung
805 3175 863 3212 zum
880 3160 1048 3214 Lahoniamus
1061 3165 1110 3216 399
1128 3178 1185 3214 rer-

110 3231 223 3278 irtorum
232 3243 291 3279 mea
302 3231 434 3278 sententia
439 3228 623 3294 politissimus,
674 3228 766 3293 banni,
789 3228 858 3280 lehle
883 3229 949 3281 dann
972 3231 999 3282 in
1021 3230 1119 3282 Shillus
1143 3229 1184 3281 bei

111 3294 178 3348 Orat.
196 3298 236 3359 fl,
250 3298 283 3348 92
300 3297 472 3347 meoiudicio
486 3299 626 3362 maerdiit
674 3295 736 3362 Elis,
753 3297 845 3349 darauf
857 3297 883 3349 in
897 3297 1011 3365 Korinth,
1029 3297 1185 3351 schliefslich

112 3365 230 3415 caeteris.
674 3365 721 3417 mit
739 3364 823 3417 Athen
844 3366 1014 3432 ausgesbhnt,
1039 3367 1109 3419 starb
1127 3368 1185 3419 355.

146 3434 185 3484 81.
204 3431 240 3483 M.
255 3431 367 3497 Tullius,
385 3431 452 3485 Orat.
466 3435 489 3496 3,
505 3435 550 3486 12:
568 3433 623 3485 ra-
707 3438 739 3484 ut
755 3462 789 3473 -
806 3434 957 3498 uideantur,
975 3435 1028 3501 vgl.
1047 3435 1097 3488 (lic.
1117 3434 1185 3488 Orat.

111 3505 169 3550 teor
179 3503 623 3566 meoraiorern,rimodoeirnaut
677 3505 715 3565 19,
739 3504 770 3554 62
801 3501 984 3568 Xenophontis
1021 3520 1067 3555 ore
1096 3502 1185 3554 dirum

110 3570 190 3618 etiam
203 3573 361 3636 quicumque
371 3571 431 3634 dm,
448 3585 502 3619 nou
518 3586 552 3620 ere
563 3573 623 3621 rbe-
675 3573 753 3636 quari
770 3570 872 3622 temtos
890 3570 991 3633 suunt.

112 3640 200 3687 torum
217 3635 336 3699 officinis
352 3637 398 3688 red
416 3637 623 3688 emAcademiae
708 3638 817 3690 Pericle.
844 3639 910 3693 Plin.
923 3640 1000 3707 Epl,
1014 3643 1111 3703 20‚tt:
1130 3640 1186 3692 Noc

110 3706 207 3770 spatiis
223 3708 351 3758 ectitius.
673 3722 715 3757 me
739 3712 871 3772 praeterit
895 3723 1025 3759 summum
1053 3713 1186 3761 oratorem

146 3771 236 3835 Plato,
261 3774 374 3840 geboren
392 3775 440 3826 427
460 3788 486 3824 r.
504 3772 560 3825 Chr.
580 3787 623 3839 ge·
674 3773 801 3826 Periclem
825 3779 865 3826 eto
888 3793 905 3826 a
930 3780 1030 3827 comico
1053 3777 1186 3844 Eupolide

111 3839 216 3892 storbon
241 3843 289 3894 348
317 3857 348 3894 an
378 3842 474 3894 seinem
501 3840 622 3894 Geburts-
675 3841 785 3892 laudari
802 3868 835 3888 -
852 3839 953 3894 Πειθώ
971 3858 1011 3895 τις
1029 3842 1187 3909 ἐπεκάθητο

113 3915 185 3976 tage,
204 3906 248 3960 der
266 3909 361 3974 grdfste
379 3908 486 3963 Schttler
509 3909 554 3961 des
576 3908 623 3961 So·
674 3911 745 3961 τοῖσι
762 3906 887 3974 χείλεσιν.
