2684 4508
154 231 194 294 60
366 229 426 261 -’
528 231 844 300 emutatis-22.

156 409 299 490 pressisse
313 426 409 486 genus
424 406 497 467 illud
513 406 646 468 caelestis
660 406 750 469 buius
765 406 796 466 in
810 405 935 466 dicendo
950 405 1004 466 viri
1019 403 1075 465 sibi
1090 405 1237 468 videren-

114 562 116 568 .
156 501 213 569 tur,
229 493 295 554 siin
308 492 436 554 clausula
447 493 618 570 posuissent
632 511 714 553 esse
728 491 911 552 videatur.
941 490 1020 568 Ergo
1032 490 1161 569 primum
1176 501 1236 566 est,

155 587 198 651 ut,
214 579 293 656 quod
308 578 475 639 imitaturus
496 586 541 638 est
561 578 696 656 quisque,
718 576 869 655 intellegat
883 584 921 649 et,
945 593 1036 653 quare
1052 574 1166 637 bonum
1183 577 1236 652 sit,

157 663 238 725 sciat.

106 758 133 808 19
175 780 177 785 ν
241 748 317 808 Tum
332 747 364 807 in
379 745 568 826 suscipiendo
584 763 677 806 onere
696 746 833 806 consulat
853 762 920 806 suas
934 744 1021 806 vires.
1050 745 1125 806 Nam
1139 763 1236 824 quae·

29 837 31 840 ’
137 831 224 895 ¹dam
245 842 316 894 sunt
336 830 495 905 imitabilia,
518 830 626 909 quibus
646 838 697 891 aut
719 830 874 891 infirmitas
889 838 1011 890 naturae
1027 850 1088 891 non
1104 831 1238 895 sufficiat

157 927 208 978 aut
222 917 373 978 diversitas
386 924 542 996 repugnet.
571 917 624 990 Ne,
647 915 695 976 cui
715 923 805 976 tenue
829 914 983 993 ingenium
997 915 1064 989 erit,
1085 916 1146 978 sola
1161 917 1235 979 velit

157 1004 245 1065 fortia
260 1012 289 1064 et
304 1003 445 1082 abrupta;
462 1002 509 1062 cui
524 1003 600 1061 torte
616 1001 733 1079 quidem
749 999 800 1060 sed
816 1000 1000 1073 indomitum,
1020 1019 1121 1062 amore
1136 1001 1236 1062 subti-

46 1112 49 1122 ·
157 1088 246 1150 litatis
260 1096 290 1148 et
303 1088 361 1148 vim
376 1105 459 1149 suam
474 1086 577 1166 perdat
600 1094 630 1147 et
644 1084 816 1164 elegantiam
839 1103 926 1163 quam
947 1084 1029 1164 eupit
1052 1104 1114 1147 non
1128 1105 1234 1167 perse·

160 1181 275 1252 quatur.
316 1172 393 1234 Nibil
414 1182 459 1234 est
480 1172 558 1232 enim
581 1182 640 1232 tam
660 1171 818 1244 indecens,
840 1188 928 1248 quam
950 1188 1018 1230 cum
1038 1172 1144 1241 mollia,
1158 1174 1236 1235 dure

108 1268 137 1318 20
159 1260 244 1319 liunt.
273 1260 369 1337 Atque
385 1277 439 1338 ego
455 1258 496 1318 illi
511 1256 711 1336 praeceptori,
731 1273 819 1335 quem
839 1254 1031 1316 instituebam
1045 1257 1076 1318 in
1091 1257 1168 1319 libro
1184 1277 1233 1319 se-

160 1344 268 1417 cundo,
291 1344 402 1405 credidi
426 1362 487 1403 non
510 1361 543 1402 ea
564 1342 626 1402 sola
641 1340 774 1402 docenda
790 1359 863 1414 esse,
879 1341 914 1401 ad
932 1358 1005 1420 quae
1021 1359 1171 1423 quemque
1186 1344 1236 1406 di·

160 1429 341 1510 scipulorum
353 1437 459 1489 natura
470 1426 668 1507 compositum
679 1426 799 1487 videret.
824 1425 898 1486 Nam
910 1426 934 1488 is
947 1435 978 1487 et
987 1426 1124 1490 adiuvare
1133 1428 1235 1503 debet,

161 1533 236 1594 quae
258 1514 289 1574 in
311 1531 431 1592 quoque
453 1530 555 1573 eorum
578 1511 691 1572 invenit
710 1510 805 1585 bona,
832 1519 862 1571 et
884 1519 1028 1589 quantum
1050 1513 1113 1574 lieri
1134 1523 1237 1593 potest

161 1600 276 1660 adicere
298 1617 374 1677 quae
395 1598 511 1669 desunt,
537 1606 567 1658 et
587 1596 744 1658 emendare
767 1597 908 1675 quaedam
930 1605 960 1657 et
979 1606 1107 1673 mutare;
1134 1609 1239 1661 rector

162 1685 243 1745 enim
264 1692 308 1744 est
328 1683 493 1744 alienomm
515 1682 705 1762 ingeniorum
727 1689 815 1760 atque
837 1682 988 1743 formator.
1018 1681 1174 1747 Difficilius
1189 1695 1236 1747 est

111 1777 139 1827 21
163 1776 298 1830 naturam
314 1786 397 1829 suam
412 1769 535 1846 fingere.
565 1766 623 1827 Sed
646 1785 685 1827 ne
707 1766 755 1826 ille
778 1765 897 1845 quidem
919 1767 1031 1841 doctor,
1054 1786 1235 1850 quamquam

163 1852 272 1928 omnia,
288 1865 363 1931 quae
379 1860 458 1912 recta
472 1862 552 1925 sunt,
567 1852 637 1913 velit
658 1869 722 1912 esse
744 1850 775 1911 in
791 1851 851 1913 suis
866 1850 1050 1913 auditoribus
1066 1872 1154 1932 quam
1169 1856 1237 1935 ple-

164 1938 293 2011 nissima,
309 1938 339 1998 in
356 1957 392 1998 eo
406 1947 515 2010 tamen,
531 1937 578 1998 cui
594 1946 729 1997 naturam
744 1935 861 1997 obstare
876 1935 988 2012 viderit,
1003 1936 1157 2000 laborabit.

248 2023 281 2083 ld
296 2041 414 2102 quoque
429 2022 590 2096 vitandum,
612 2023 642 2082 in
666 2040 725 2100 quo
746 2039 853 2100 magna
875 2040 943 2101 pars
959 2031 1045 2098 errat,
1065 2043 1103 2085 ne
1118 2025 1148 2085 in
1166 2044 1238 2086 ora-

163 2109 245 2170 tione
270 2117 370 2188 poetas
392 2108 478 2169 nobis
499 2116 529 2168 et
548 2107 714 2181 historicos,
737 2107 768 2167 in
791 2106 847 2167 illis
870 2107 1009 2186 operibus
1030 2116 1165 2170 oratores
1182 2119 1236 2172 aul

111 2201 140 2252 tt
163 2194 374 2255 declamatores
388 2193 547 2254 imitandos
558 2202 704 2270 putemus.
736 2190 795 2252 Sua
807 2191 913 2270 cuique
924 2193 1074 2272 proposita
1086 2192 1142 2264 lex,
1158 2213 1235 2255 suus

164 2280 253 2341 decor
269 2288 328 2340 est:
354 2297 409 2338 nec
425 2278 577 2339 comoedia
599 2277 628 2338 in
650 2277 814 2338 cothurnos
836 2278 968 2355 adsurgit
982 2295 1038 2339 nec
1053 2286 1154 2339 contra
1170 2285 1233 2336 tra-

163 2409 195 2476 V,
205 2415 228 2472 5,
242 2411 271 2462 lt
282 2409 344 2461 Non
356 2413 423 2462 midi
434 2411 541 2463 uidetur
553 2412 589 2463 ud
600 2413 674 2463 deute
726 2410 896 2463 beneinauder
912 2412 1025 2477 gestellt.

163 2479 306 2530 uiuendum
322 2481 389 2530 eatis
402 2495 480 2545 poree
498 2483 632 2532 uirtutem.
760 2480 859 2544 mollia,
877 2478 931 2531 hier
943 2479 1027 2544 gleich
1039 2481 1117 2544 laetiq
1135 2477 1236 2540 uulua,

198 2547 325 2613 coelestia,
343 2563 364 2598 s.
382 2563 414 2598 zu
434 2552 457 2611 1,
475 2550 517 2602 86.
726 2547 796 2598 nicht
813 2547 847 2598 im
860 2546 997 2599 ledeluden
1010 2546 1089 2600 Sinne
1101 2547 1150 2598 wie
1161 2552 1237 2597 sonet

200 2618 240 2668 19.
258 2617 353 2682 quibua
371 2620 427 2681 aut,
446 2615 529 2667 dieser
542 2615 602 2667 Satz
620 2619 676 2667 ent·
726 2615 855 2667 meisteus.
880 2613 1159 2666 Vielleichtscbwebte
1170 2614 1238 2666 hier-

164 2682 219 2734 halt
231 2683 288 2734 eine
300 2681 502 2748 Beschrtinkung
516 2697 568 2733 von
586 2685 675 2733 imita·
726 2683 769 2734 bei
788 2682 845 2733 dem
854 2681 938 2742 Quint.
957 2696 1004 2733 vor
1015 2679 1092 2732 Arist.
1111 2681 1185 2733 Rhet.
1197 2681 1238 2746 tlt,

165 2750 238 2800 bilia.
728 2754 756 2802 l:
781 2743 844 2799 ’Ictu
868 2736 917 2800 οὖν
934 2745 970 2799 τὰ
991 2744 1099 2814 μαλακὰ
1117 2746 1240 2822 σκληρῶς

200 2816 240 2868 Ne
258 2845 291 2854 -
309 2821 335 2866 et
351 2845 384 2854 -
406 2822 440 2880 et,
457 2816 499 2869 tie
516 2818 674 2882 ungewbbn-
725 2819 770 2874 uel,
792 2812 827 2867 τὰ
850 2812 947 2885 tulupa*
967 2812 1095 2882 palacenis
1117 2813 1238 2886 λέγηται,

164 2884 231 2936 liche
256 2883 421 2950 Verbindung
443 2885 483 2937 ftr
507 2891 557 2937 aut
576 2915 609 2924 -
627 2890 676 2937 aut
725 2879 871 2936 ἀπίθανον
887 2888 1018 2954 γίγνεται.
1070 2938 1081 2949 „

165 2952 231 3005 nach
248 2968 289 3017 ne,
308 2953 338 3003 da
358 2957 383 3002 et
400 2957 473 3005 sonst
490 2953 531 3006 die
547 2954 675 3020 Negation
761 2955 801 3005 20.
823 2953 911 3018 Atque
934 2952 979 3005 bat
1000 2953 1042 3004 bei
1065 2951 1238 3019 Ubergdngen

166 3019 287 3081 abstdlst3
311 3020 377 3072 doch
400 3021 452 3087 vgl.
471 3022 510 3087 lll,
528 3025 552 3084 8,
571 3026 614 3082 to;
637 3038 675 3073 ne
726 3019 805 3073 olters
823 3020 875 3074 test
898 3020 940 3073 die
958 3019 1110 3087 Redeutung
1128 3037 1179 3072 von
1197 3028 1239 3073 at-

166 3090 245 3140 allter
256 3117 290 3125 -
302 3093 422 3139 coerceri
439 3090 528 3154 velint,
546 3095 572 3141 et
584 3093 614 3140 in
633 3090 676 3140 de-
726 3092 780 3155 qui.

164 3157 314 3209 mercandis
325 3161 470 3209 morentur.
496 3157 569 3209 buch
582 3156 674 3210 eiumal
760 3159 828 3208 libro
845 3158 971 3220 seeundo,
987 3155 1051 3223 llep.
1070 3161 1093 3210 8.

165 3225 206 3278 bei
226 3226 278 3278 Cic.
296 3225 328 3278 de
343 3223 386 3276 oli.
403 3225 421 3287 l,
442 3229 481 3289 14,
501 3229 523 3277 1.
761 3224 1239 3290 Difficilius-fingeredieutzurllr-

199 3299 285 3359 tenue,
302 3293 354 3360 vgl.
375 3296 396 3358 l,
415 3297 455 3345 44.
727 3293 837 3359 kltrung
852 3294 898 3345 des
909 3292 1122 3359 vorangebeudeu
1138 3291 1238 3346 Setzes.

199 3363 366 3426 indomitum,
383 3361 428 3414 der
439 3362 510 3413 selue
522 3360 594 3413 Krall
606 3362 677 3414 nicht
761 3364 803 3414 tt.
821 3377 991 3426 quamquam,
1009 3376 1029 3414 s.
1048 3376 1080 3411 zu
1101 3364 1123 3424 l,
1140 3364 1182 3414 ³3.

166 3446 197 3482 zu
216 3430 308 3496 zugeln
327 3430 412 3482 weiss:
430 3431 472 3483 ein
488 3429 589 3483 solcher
604 3429 676 3492 wird,
760 3429 915 3493 vitandum,
943 3428 988 3480 das
1012 3428 1166 3481 Gerundium
1193 3429 1239 3481 be-

166 3514 243 3550 wenn
267 3513 294 3550 er
317 3498 372 3550 sich
394 3498 451 3550 dem
469 3514 555 3563 genus
570 3497 675 3562 subtile,
726 3497 842 3551 zeicbnet
859 3496 908 3549 den
926 3497 1045 3549 donatus.

166 3566 207 3618 ltu
225 3566 270 3618 das
288 3581 315 3618 er
326 3565 397 3618 nicht
409 3566 555 3632 gescbaiteu
572 3567 615 3629 ist,
632 3581 676 3617 zu·
761 3567 893 3631 opertum,
912 3564 963 3646 vgl.
983 3568 1006 3628 1,
1025 3566 1065 3617 31.

168 3634 278 3697 wendet,
294 3633 335 3686 die
347 3635 480 3699 elegantia
493 3634 517 3687 d.
530 3635 546 3686 i.
559 3634 601 3688 die
611 3635 676 3686 rich-
761 3636 802 3686 22.
820 3635 907 3695 ἄθεον,
937 3627 1175 3696 Knnstcharakter',
1200 3632 1240 3685 als

167 3701 220 3766 lige
238 3701 290 3754 und
307 3702 375 3755 teine
391 3703 516 3755 Auswahl
533 3703 588 3754 sich
605 3703 677 3756 nicht
727 3706 810 3754 etwas
827 3700 987 3753 Abstrebtes.

168 3770 398 3835 aueigenmaclien.
420 3769 676 3823 lntlmlicherWeise
760 3785 809 3820 nee
826 3797 860 3807 -
877 3769 1042 3834 ingreditur,
1060 3782 1088 3820 es
1106 3770 1175 3820 wire
1192 3783 1240 3821 un

168 3837 219 3888 wie
236 3837 291 3888 hier
313 3840 449 3890 mdttdtae
472 3839 524 3891 und
541 3840 677 3903 elegantia
728 3835 852 3904 possead,
875 3851 952 3888 wenn
973 3836 1029 3888 sich
1051 3834 1091 3889 die
1114 3835 1239 3889 llomddie

168 3904 225 3958 siud
246 3907 268 3970 1,
277 3907 310 3957 te
327 3907 432 3958 sucum
445 3907 497 3959 und
515 3907 620 3972 elegam
633 3920 676 3958 ne-
728 3919 786 3956 aun
799 3902 915 3957 llotlmm
932 3904 1067 3970 verstiege,
1086 3905 1146 3958 aher
1162 3904 1240 3957 eben·
