2684 4508
459 225 566 282 carun
585 227 777 294 1.,114-11,
793 191 794 195 ¹
1112 228 1151 288 75

79 403 185 464 clarus.
215 402 309 464 alitur
324 402 508 481 animatque
523 401 659 463 enitescit
678 402 758 463 velut
778 402 887 481 pabulo
909 403 1031 464 laetiore
1046 405 1151 466 facun-

78 489 125 549 dia
141 496 170 548 et
184 488 306 549 adsidua
321 487 551 547 contentionum
560 487 723 566 ‘asperitate
738 488 855 566 fatigata
871 498 1040 549 renovatur.
1072 489 1153 561 Qua·
1174 499 1203 552 15

78 581 202 653 propter
216 572 357 634 historiae
373 590 600 650 nonnumquam
621 572 742 633 ubertas
761 572 792 633 in
809 573 905 651 aliqua
921 575 1079 636 exercendi
1093 575 1154 637 stili

77 668 162 737 parte
176 657 325 737 ponenda,
342 667 371 718 et
386 656 569 736 dialogorum
588 657 721 718 libertate
736 658 933 736 gestiendum.
963 658 1007 719 Ne
1021 659 1153 720 carmine

78 742 196 822 quidem
211 743 314 803 ludere
331 741 510 803 contrarium
526 742 629 818 fuerit3
650 742 727 803 sicut
740 743 877 816 athletae,
892 743 1014 806 remissa
1030 744 1153 823 quibus-

77 827 144 889 dam
159 828 342 907 temporibus
357 827 491 888 ciborum
508 835 595 906 atque
611 827 855 888 exercitationum
871 837 952 889 certa
967 829 1152 903 necessitate,

78 913 138 975 otio
154 922 184 973 et
198 912 424 974 iucundioribus
439 912 533 992 epulis
544 913 727 974 reficiuntur.
760 912 889 992 Ideoque
902 913 973 974 mihi
984 915 1099 976 videtur
1114 915 1152 976 Μ.
1175 923 1203 976 tt

28 1051 34 1055 .
78 997 192 1060 Tullius
207 1007 322 1059 tantum
337 997 472 1059 intulisse
488 998 676 1076 eloquentiae
691 998 803 1070 lumen,
820 998 900 1076 quod
915 997 946 1059 in
961 999 1017 1060 hos
1032 1018 1151 1078 quoque

77 1083 242 1144 studiorum
257 1102 392 1144 secessus
406 1083 546 1143 excurrit.
576 1083 650 1142 Nam
665 1082 689 1142 si
705 1080 792 1142 nobis
803 1082 865 1142 sola
876 1083 998 1144 materia
1012 1085 1103 1146 fuerit
1115 1103 1152 1145 en

76 1167 187 1241 litibus,
204 1187 325 1230 necesse
341 1177 385 1229 est
399 1169 550 1229 deteratur
566 1166 664 1245 fulgor
685 1176 715 1226 et
736 1167 873 1227 durescat
887 1168 1028 1230 articulus
1042 1180 1072 1230 et
1087 1171 1151 1249 ipse

76 1252 125 1314 ille
140 1271 243 1314 mucra
259 1253 372 1332 ingenii
387 1252 534 1313 cotidiana
550 1268 650 1331 pugna
665 1251 849 1312 retundatur.

161 1337 217 1399 Sed
234 1337 484 1417 quemadmodum
506 1336 674 1397 forensibus
696 1336 910 1398 certaminibus
931 1339 1106 1400 exercitatos
1122 1349 1152 1401 et
1172 1347 1200 1399 11

78 1423 159 1502 quasi
174 1423 334 1484 militantes
348 1421 444 1482 reficit
459 1440 493 1482 ac
508 1431 625 1501 reparat
640 1423 711 1482 haec
728 1421 807 1481 velut
828 1422 929 1501 sagina
952 1423 1083 1484 dicendi:
1106 1424 1150 1486 sic

76 1510 282 1570 adulescentes
297 1525 357 1567 non
370 1506 482 1567 debent
497 1506 621 1567 nimium
636 1506 668 1566 in
683 1506 754 1567 falsa
766 1524 866 1567 rerum
879 1507 1008 1587 imagine
1023 1508 1150 1569 detineri

76 1604 105 1654 et
125 1591 266 1654 inanibus
289 1591 454 1652 simulacris
473 1610 568 1669 usque
591 1591 674 1665 adeo,
697 1599 730 1651 ut
745 1591 870 1653 difficilis
886 1591 923 1653 ab
937 1593 984 1654 his
999 1593 1150 1673 digressus

75 1677 123 1750 sit,
143 1678 327 1749 adsuescere,
352 1695 391 1737 no
411 1676 446 1737 ab
462 1676 520 1749 illa,
542 1677 574 1737 in
596 1695 653 1755 qua
675 1695 769 1755 prope
790 1688 1023 1751 consenuerunt,
1046 1679 1151 1740 umbra

75 1780 143 1822 vera
164 1760 335 1822 discrimina
354 1760 433 1822 velut
455 1762 601 1840 quendam
623 1761 716 1823 solem
736 1762 938 1824 reformident.
969 1763 1055 1835 Quod
1072 1765 1150 1825 acci·
1173 1771 1201 1823 18

76 1847 153 1908 disse
169 1846 256 1906 etiam
272 1845 376 1907 Porcio
392 1846 524 1920 Latroni,
547 1847 598 1925 qui
621 1847 734 1926 primus
755 1846 827 1907 clari
849 1848 979 1909 nominis
996 1850 1149 1929 professor

75 1932 140 2003 fuit,
156 1931 292 2003 traditur,
307 1940 350 2005 ut,
366 1949 432 1992 curn
448 1932 475 1992 ei
490 1950 634 1993 summam
649 1932 680 1992 in
696 1931 805 1993 scholis
817 1933 990 2012 opinionem
1001 1933 1149 1996 obtinenti

76 2035 163 2078 causa
178 2017 209 2077 in
224 2017 288 2094 foro
304 2026 381 2078 esset
395 2017 516 2089 oranda,
539 2017 665 2095 inpense
682 2015 809 2096 petierit,
832 2017 875 2076 nti
897 2017 1034 2079 subsellia
1049 2019 1080 2078 in
1097 2019 1149 2079 ba-

76 2101 186 2163 silicam
207 2103 448 2163 transferrentur.
478 2100 522 2162 lta
536 2101 578 2161 illi
593 2101 707 2181 caelum
720 2119 829 2161 novum
843 2101 909 2175 fuit,
924 2109 958 2162 ut
973 2103 1070 2164 amnis
1086 2104 1149 2166 eius

75 2187 242 2265 eloquentia
257 2187 405 2249 contineri
416 2195 495 2247 tecto
508 2205 541 2246 ac
552 2185 714 2264 parietibus
727 2185 885 2249 videretur.
913 2186 1011 2258 Quare
1026 2188 1149 2262 iuvenis,
1172 2195 1200 2247 19

73 2271 123 2350 qui
138 2271 285 2332 rationem
300 2271 470 2332 inveniendi
482 2270 700 2349 eloquendique
711 2289 727 2331 a
739 2272 982 2351 praeceptoribus
992 2272 1150 2352 diligenter

72 2402 286 2455 hinzuzudenkcn
310 2405 345 2455 ist
368 2403 412 2455 der
429 2402 528 2469 Begrilf
542 2407 584 2454 in·
669 2405 772 2469 ambra,
785 2405 820 2456 ist
831 2405 870 2456 ala
883 2404 1025 2471 Gegensata
1039 2421 1071 2456 zu
1083 2422 1148 2457 vara

73 2474 154 2523 uanis.
266 2514 270 2521 .
423 2518 425 2522 Α
635 2473 791 2523 discrimina
811 2472 1148 2539 undaalwenigeraiblich.

103 2539 205 2605 pabala
212 2539 332 2603 laetiora,
341 2537 460 2604 ngllllll,
466 2537 583 2592 Proocm.
669 2543 702 2592 ab
719 2540 776 2602 illa,
795 2543 942 2606 aa=posa
960 2541 1010 2592 wie
1027 2540 1094 2592 diter
1106 2542 1148 2595 hei

73 2609 119 2660 23:
141 2607 213 2657 natat
230 2608 299 2657 laeto
314 2610 448 2672 gramine.
635 2607 719 2668 Quint
743 2607 795 2660 und
819 2608 900 2660 sehon
924 2609 966 2660 bei
984 2609 1071 2662 Livius
1089 2610 1148 2662 sehr

110 2679 146 2728 15.
160 2675 583 2741 historiae-atartar,vgl.1,3l.
635 2675 722 2742 hiufig
754 2677 819 2728 nach
849 2676 907 2728 dena
936 2676 1072 2743 Vorgange
1103 2678 1148 2730 der

102 2743 280 2808 gestiendum,
299 2758 357 2794 man
375 2748 450 2809 mage
468 2744 523 2796 sich
536 2744 582 2796 frei
634 2744 743 2797 Dichter.

72 2811 175 2876 ergehn,
194 2810 248 2863 sich
266 2812 365 2878 gitlicb
383 2813 455 2864 thun.
674 2816 711 2866 18.
741 2815 837 2864 Porcia
849 2813 973 2879 Latroni,
990 2812 1034 2877 11,,
1047 2814 1149 2880 Zeitge·

107 2881 281 2943 contrariam,
299 2874 509 2947 ‘zweckwidrig'.
636 2895 713 2933 nosse
732 2879 776 2932 des
794 2881 935 2944 Augustus.

107 2948 228 2996 ethaam
251 2975 285 2984 -
306 2949 406 3013 palis,
432 2948 473 3000 ein
498 2948 585 3001 unias-
666 2947 816 3014 professor,
834 2949 876 2999 ein
893 2947 968 3000 Wort
986 2948 1030 3000 der
1047 2948 1148 3003 llaiser-

72 3029 137 3067 mus.
636 3016 699 3079 neit,
726 3031 777 3067 von
798 3013 926 3081 profiteri
948 3021 1034 3068 artern
1058 3017 1148 3084 herge·

108 3085 147 3135 16.
166 3081 293 3131 durescat
310 3083 451 3147 articulat,
468 3081 514 3133 das
526 3082 584 3135 Bild
635 3083 715 3146 leitet,
734 3082 885 3135 bezeichnet
903 3084 952 3136 den
966 3083 1060 3137 Lehrer
1078 3085 1148 3137 einer

73 3151 108 3201 ist
131 3149 181 3201 den
203 3147 343 3215 Kampfen,
369 3150 435 3201 auch
459 3149 504 3201 der
525 3150 585 3202 Gla·
635 3150 726 3214 Kanai,
745 3167 765 3203 s.
783 3150 811 3215 ll,
832 3155 871 3216 11,
892 3157 912 3204 1.
931 3151 982 3214 llll,
1002 3157 1041 3216 11,
1060 3155 1100 3205 21).

72 3217 199 3282 diatonon,
226 3216 355 3268 entlehnt:
383 3219 515 3269 articulus
538 3219 585 3271 be·
667 3223 1003 3285 stammana—opinionem,
1013 3220 1147 3285 131111,

35 3298 40 3308 ·
72 3286 190 3338 zeichnet
199 3284 244 3336 das
253 3284 327 3337 Glied
338 3285 382 3338 des
392 3285 505 3351 Fingens,
515 3286 583 3339 dann
634 3287 717 3340 wafrin
726 3288 983 3341 fruberena'ata'matr‘o
991 3286 1077 3339 rihlich
1085 3303 1146 3340 war.
1191 3352 1194 3357 .

73 3354 121 3407 den
140 3352 232 3419 Finger
255 3352 348 3414 selbat3
371 3355 406 3405 im
423 3354 582 3420 Gegenaatae
642 3353 1145 3421 .nta'-transfarrantar,vgl.ld.Sen.

72 3437 105 3474 au
128 3423 254 3473 decrescat
270 3420 334 3472 wird
351 3420 380 3487 ll,
401 3425 440 3487 11,
458 3425 474 3475 2
495 3423 584 3475 malb'a
634 3423 754 3476 Contrav.
766 3423 808 3477 lv.
826 3422 921 3475 Praei:
940 3423 1147 3476 declamatoriae

72 3492 271 3542 articulaevom
281 3488 518 3558 Gladiatorgesagt,
531 3491 583 3543 und
633 3494 744 3542 virtutis
768 3491 913 3543 Latronem
936 3493 1061 3543 Paratum
1084 3495 1146 3543 ani·

72 3557 108 3609 im
130 3559 316 3624 ubertragenen
336 3557 414 3611 Sinna
434 3559 475 3624 lll,
496 3563 518 3622 1,
537 3562 581 3612 7οε
634 3575 695 3610 aunt
715 3560 878 3625 eaernplum,
900 3575 960 3613 curn
978 3575 1031 3625 pra
1052 3577 1099 3613 raa
1115 3564 1146 3612 in

73 3625 159 3690 Quam
175 3627 252 3678 malli
268 3631 358 3678 aatarn
376 3627 493 3679 articula
512 3631 583 3679 traa-
634 3627 766 3692 Hispania
790 3626 898 3679 Rustica
916 3629 1012 3679 Parata
1033 3632 1147 3695 propin-

74 3696 143 3744 taan't
161 3693 302 3746 Oatanam?
635 3711 686 3761 qna
698 3710 747 3745 aaa
760 3696 868 3761 dicerm,
879 3711 963 3761 usqua
974 3712 1005 3747 ea
1018 3713 1073 3748 aare
1085 3713 1146 3749 con·

109 3764 147 3814 l'l.
171 3765 268 3826 ragina
285 3763 401 3829 dicandi,
419 3762 461 3814 ein
479 3763 584 3815 sander-
633 3762 733 3827 sarum,
750 3769 782 3814 ut
799 3780 816 3814 a
832 3764 988 3815 aaloac‘farna
1005 3767 1144 3831 inciperet,

72 3829 146 3882 baren
169 3829 317 3896 Ausdmck,
342 3831 387 3883 der
409 3830 463 3883 sich
488 3831 585 3884 erhlirt
634 3847 682 3883 nea
699 3836 763 3883 ante
776 3834 897 3898 patuisse
910 3832 1076 3900 confirmari,
1094 3839 1147 3888 tea·

73 3896 152 3950 durch
172 3897 344 3950 iucundiores
361 3899 454 3966 apulae
472 3901 488 3965 1
509 3904 548 3953 15.
635 3901 1145 3970 tumaapariataadcaiderantem,qnam
