2684 4508
164 244 207 303 54
526 243 633 296 curor
651 246 669 298 1.
688 245 704 312 e
726 247 866 299 raa-no.

166 422 356 503 paucissimos
377 419 471 478 adhuc
494 419 668 497 eloquentes
682 419 796 481 litterae
811 419 961 482 Romanae
980 420 1121 480 tulerunt.
1153 420 1242 480 Idem

124 560 127 565 ,
164 508 254 586 igitur
268 506 304 565 M.
321 503 486 577 Tullius,
510 505 561 582 qui
576 505 695 584 ubique,
712 507 798 566 etiam
814 506 844 566 in
860 506 916 565 hoc
932 523 1022 584 opere
1038 504 1171 566 Platonis
1188 523 1241 566 ae·

164 591 260 652 mulus
274 588 377 650 extitit.
407 588 551 669 Egregius
565 609 635 650 vero
646 591 798 669 multoque
809 609 898 669 quam
910 591 940 651 in
953 589 1136 651 orationibus
1146 609 1240 670 prae·

164 675 289 737 stantior
303 672 375 734 Bru
384 682 444 734 tus
458 675 575 736 suffecit
588 675 713 754 ponderi
730 694 846 750 rerum;
863 676 937 736 scias
949 695 1015 736 eum
1031 675 1141 736 sentire
1158 695 1238 754 quae

112 761 243 822 indicit.
272 759 397 838 Scripsit
411 779 471 820 non
487 777 593 838 parum
607 761 698 820 multa
718 760 925 821 Cornelius
946 761 1093 833 CelsuS‚
1117 760 1238 824 Sextios

164 852 290 917 secutus,
314 863 375 905 non
397 844 462 905 sine
484 846 564 905 cultu
586 863 619 904 ac
640 845 747 905 nitore.
779 845 938 906 Plautus
960 846 990 905 in
1010 845 1117 906 Stoicis
1132 864 1237 908 rerum

164 929 327 1009 cognitioni
343 929 432 991 utilis.
463 929 496 990 ln
513 930 667 1009 Epicureis
682 930 752 991 levis
767 930 884 1008 quidem
907 931 1035 1006 sednon
1052 930 1236 994 iniucundus

111 1023 260 1077 notamen
275 1023 379 1075 auctor
394 1023 438 1076 est
454 1014 592 1077 Catius.
621 1015 666 1075 Ex
680 1015 824 1076 industria
840 1016 1020 1075 Senecam
1037 1015 1067 1075 in
1084 1017 1165 1077 omni
1182 1036 1237 1096 ge-¹

163 1118 234 1161 nere
251 1099 437 1179 eloquentiae
453 1101 551 1162 distuli
566 1110 689 1181 propter
702 1101 847 1179 vulgatam
859 1099 930 1160 falso
942 1101 979 1161 de
991 1119 1037 1160 me
1049 1101 1234 1179 opinionem,

164 1204 222 1264 qua
236 1186 377 1247 damnare
394 1205 460 1247 eum
473 1196 502 1248 et
513 1188 639 1247 invisum
651 1204 769 1264 quoque
780 1184 891 1246 babere
903 1204 969 1246 sum
980 1186 1118 1246 creditus.
1146 1186 1236 1257 Quod

162 1271 268 1332 accidit
289 1272 375 1345 mihi,
398 1273 466 1333 dum
491 1279 664 1351 corruptum
685 1283 714 1331 et
733 1271 870 1332 omnibus
884 1271 960 1332 vitiis
975 1273 1099 1330 tractum
1115 1271 1235 1335 dicendi

161 1375 257 1437 genus
273 1375 410 1418 revocare
426 1357 460 1416 ad
475 1357 621 1418 severiora
637 1356 741 1416 iudicia
758 1357 916 1418 contendo.
947 1356 1023 1416 Tum
1039 1365 1136 1416 autem
1153 1358 1235 1421 solus

109 1442 209 1504 ttuhic
222 1444 283 1503 lere
301 1442 331 1502 in
351 1441 487 1503 manibus
498 1443 731 1502 adulescentium
743 1443 805 1502 luit.
836 1441 932 1512 Quem
943 1460 1004 1502 non
1020 1441 1157 1520 equidem
1168 1462 1236 1503 om·

162 1529 235 1589 nino
245 1527 375 1588 conabar
386 1535 523 1587 excutere
534 1527 586 1587 sed
598 1526 764 1606 potioribus
774 1526 917 1607 praeferri
929 1546 990 1588 non
1002 1526 1145 1600 sinebam,
1158 1546 1236 1606 quos

161 1613 210 1673 ille
231 1631 291 1673 non
314 1611 464 1672 destiterat
484 1612 642 1686 incessere,
665 1631 731 1672 cum
754 1613 860 1673 diversi
883 1612 938 1673 sibi
961 1612 1098 1673 conscius
1113 1616 1236 1689 generis

160 1698 277 1776 placere
301 1715 332 1756 se
356 1696 386 1755 in
409 1696 534 1757 dicendo
560 1716 661 1776 posse,
689 1696 796 1775 quibus
818 1696 1049 1776 illi'placerent‚
1075 1696 1235 1761 dillideret.

161 1779 307 1842 Amabant
321 1790 421 1841 autem
436 1800 504 1841 eum
519 1783 611 1861 magis
626 1801 713 1861 quam
731 1782 930 1856 imitabantur,
954 1791 1128 1861 tantumque
1144 1783 1180 1843 ab
1198 1806 1236 1846 eo

109 1874 151 1925 tar
163 1865 332 1927 defluebant
343 1875 487 1944 quantum
499 1867 549 1927 ille
561 1867 596 1927 ab
610 1868 739 1946 antiquis
751 1868 953 1929 descenderat.
984 1867 1074 1928 Foret
1087 1868 1165 1928 enim
1178 1890 1235 1950 op-

161 1952 291 2024 tandum,
313 1970 399 2030 pares
423 1961 473 2013 aut
495 1952 597 2013 saltem
613 1954 763 2032 proximos
787 1953 827 2013 illi
842 1944 905 2013 'viro
922 1953 995 2013 fieri.
1026 1953 1084 2013 Sed
1099 1953 1236 2031 placebat

161 2044 284 2117 propter
298 2036 359 2097 sola
374 2036 451 2108 vitia,
467 2039 545 2098 etad
562 2057 595 2098 ea
610 2058 641 2099 se
663 2039 789 2117 quisque
805 2037 949 2116 dirigebat
963 2038 1140 2118 effingenda,
1156 2058 1236 2117 quae

161 2131 290 2202 poterat;
306 2121 413 2183 deinde
429 2141 496 2183 cnm
509 2143 540 2184 se
552 2123 674 2185 iactaret
685 2125 790 2185 eodem
800 2123 889 2183 modo
902 2123 1008 2196 dicere,
1026 2123 1168 2183 Senecam
1183 2125 1234 2185 in-

108 2217 150 2271 128
160 2208 295 2269 lamabat.
325 2206 415 2267 Cuius
431 2215 460 2267 et
474 2209 582 2268 multae
596 2208 706 2288 alioqui
722 2218 751 2270 et
764 2226 887 2286 magnae
901 2209 1023 2269 virtutes
1037 2208 1166 2279 luerunt,
1183 2209 1234 2268 in-

159 2294 278 2371 genium
301 2291 385 2351 lacilc
406 2300 435 2351 et
459 2293 621 2372 copiosum,
644 2294 805 2373 plurimum
826 2293 924 2367 studii,
940 2293 1029 2354 multa
1044 2308 1143 2352 rerum
1159 2310 1231 2370 cog-

160 2377 248 2452 nitio;
264 2376 294 2435 in
308 2395 365 2454 qua
377 2385 475 2438 tamen
488 2377 646 2457 aliquando
658 2379 693 2438 ab
709 2379 764 2452 his,
780 2377 888 2457 quibus
899 2378 1076 2457 inquirenda
1089 2377 1230 2454 quaedam

158 2460 324 2536 mandabat,
346 2463 487 2541 deceptus
501 2472 554 2525 est.
586 2464 731 2525 Tractavit
753 2462 838 2524 etiam
855 2482 974 2525 omnem
990 2465 1051 2525 lere
1066 2460 1233 2524 studiorum

105 2555 148 2607 129
157 2546 318 2609 materiam.
348 2548 420 2608 Nam
438 2557 466 2609 et
481 2550 632 2610 orationes
647 2550 710 2610 eius
728 2557 757 2610 et
772 2558 907 2628 poemata
923 2558 952 2608 et
966 2549 1106 2627 epistolae
1126 2557 1155 2608 et
1169 2547 1234 2608 dia-

159 2633 217 2712 logi
240 2634 387 2692 teruntur.
424 2634 457 2693 ln
480 2634 665 2711 philosophia
687 2653 793 2714 parum
814 2634 947 2712 diligero,
970 2633 1107 2711 egregius
1132 2641 1233 2694 tamen

158 2718 295 2778 vitiorum
307 2717 467 2777 insectator
478 2718 541 2778 luit.
571 2719 679 2781 Multae
690 2721 720 2780 in
734 2739 768 2780 eo
781 2720 935 2796 claraeque
948 2716 1121 2787 sententiae,
1139 2718 1234 2779 multa

194 2835 250 2886 123.
269 2836 316 2897 qui
331 2836 437 2898 ubique,
454 2833 506 2899 vgl.
525 2834 541 2898 ξ
561 2836 617 2888 108.
757 2835 878 2898 Mauors,
897 2832 941 2884 der
958 2831 1037 2883 Name
1055 2832 1089 2883 ist
1105 2832 1234 2885 unsicher.

192 2902 302 2963 Brunca,
319 2901 372 2967 vgl.
392 2903 407 2965 ξ
426 2904 467 2953 23.
758 2904 854 2964 Catius,
873 2900 1037 2964 Zeitgenosse
1056 2899 1171 2966 Ciceros,
1191 2902 1233 2953 eiu

195 2972 250 3022 124.
269 2985 323 3019 noo
339 2985 437 3034 porum
448 2970 542 3023 multo.
569 2971 670 3022 Ebenso
721 2971 837 3022 lnsubrer
855 2984 906 3019 von
924 2967 1027 3020 Geburt.

160 3037 200 3101 vt,
219 3040 243 3101 2,
262 3041 289 3091 3;
315 3037 386 3101 eine,
408 3037 493 3088 ausser
512 3039 553 3089 bei
573 3039 669 3103 Cicero,
757 3041 813 3090 125.
832 3037 943 3102 Seneca,
960 3036 987 3088 L.
1005 3037 1137 3100 Annaeus,
1162 3035 1233 3088 Sohn

160 3106 231 3166 nicht
248 3105 346 3157 settene
363 3103 468 3158 Litotes.
722 3106 766 3160 des
791 3106 887 3158 Rhetor
909 3106 1029 3158 Annaeus
1053 3105 1161 3167 Seneca,
1189 3119 1234 3171 ge-

194 3174 331 3226 omanus
345 3173 439 3236 Calue,
451 3170 490 3234 A,
503 3173 669 3239 Zeitgenosse
720 3175 800 3228 boren
818 3190 850 3226 zu
868 3174 984 3226 Corduba
1007 3175 1032 3224 in
1051 3171 1162 3238 Spanien
1188 3188 1233 3224 um

161 3243 206 3295 des
223 3241 348 3303 Tiberius,
371 3241 411 3292 ein
430 3241 576 3292 hemumter
594 3241 671 3308 Poly·
723 3246 738 3295 2
757 3259 780 3295 n.
800 3242 856 3296 Chr.
879 3243 1017 3308 gestorben
1036 3244 1076 3305 65,
1101 3255 1121 3291 s.
1140 3240 1234 3293 Sinlei·

161 3311 257 3369 histor;
275 3325 326 3360 von
343 3309 431 3360 seiuen
444 3306 572 3360 Schriften
589 3311 623 3361 ist
635 3310 672 3361 al·
723 3314 786 3376 tnng
804 3309 829 3362 S.
851 3313 889 3363 12.

151 3379 212 3444 ,lein
225 3378 291 3430 noch
303 3378 335 3428 de
347 3393 378 3426 re
388 3377 491 3427 modico
502 3377 585 3444 fibrig.
613 3375 670 3444 Vgl.
756 3383 921 3443 comptum,
938 3371 1135 3429 ‘verschroben'.

161 3445 178 3513 ἦ
197 3449 237 3498 23.
759 3449 814 3498 121.
827 3446 912 3497 Forat
923 3475 957 3484 -
971 3444 1122 3510 optandum.
1140 3442 1167 3494 ln
1181 3442 1233 3495 die-

196 3513 312 3565 Seotios.
341 3511 410 3564 Zwei
423 3511 512 3575 Sextii,
531 3513 608 3564 Vater
619 3513 672 3566 und
723 3529 764 3566 ser
781 3513 918 3579 Wendung
936 3514 999 3579 liegt
1016 3512 1073 3564 eine
1091 3510 1158 3563 hehe
1170 3511 1233 3565 blei·

162 3582 241 3641 Sohn,
259 3581 441 3645 Zeitgenossen
463 3581 508 3633 des
527 3581 603 3634 Gdsar
619 3582 671 3633 und
723 3597 793 3648 nnng
810 3583 855 3634 des
867 3581 952 3642 Quint.
970 3596 1028 3632 vom
1042 3578 1147 3643 Seneca,
1166 3579 1233 3633 deun

162 3649 301 3714 Angustus,
319 3648 456 3715 hnhfiuger
468 3649 512 3701 der
523 3650 672 3716 pythagori·
724 3650 769 3702 das
786 3651 820 3701 lm
841 3650 885 3703 erl.
904 3649 974 3702 Geni.
993 3646 1154 3714 bezeichnet‚
1178 3648 1239 3716 dals¹

162 3717 240 3768 schen
262 3715 354 3779 Lehre,
379 3733 432 3769 von
456 3717 537 3769 denen
565 3725 673 3770 ersterer
724 3733 751 3770 er
763 3717 804 3771 die
814 3667 947 3783 ssrffilluug
956 3717 1026 3768 eines
1038 3716 1144 3768 solchen
1154 3715 1233 3769 Wun-

163 3800 195 3836 an
217 3783 300 3834 seiner
318 3784 373 3836 Zeit
393 3787 419 3837 in
444 3786 536 3838 boboni
553 3785 671 3839 bnsehen
724 3786 798 3837 schea
816 3785 882 3838 doch
900 3786 940 3837 litr
958 3784 1029 3836 nieht
1041 3785 1152 3851 moglieb
1165 3785 1232 3845 halb

164 3850 247 3904 stand.
724 3853 825 3905 thntich
842 3854 920 3904 velles
937 3853 953 3921 9
974 3855 1030 3906 130.

199 3920 269 3971 molto
286 3933 319 3969 ao
335 3922 432 3987 nitore,
450 3937 470 3974 s.
489 3923 505 3988 ς
525 3925 549 3974 9.
759 3923 815 3973 129.
843 3924 977 3972 orationes
999 3950 1032 3960 —
1053 3925 1176 3986 pomata
1200 3949 1233 3957 -
