2684 4508
507 240 616 292 earur
634 241 652 292 r.
671 243 686 306 e
705 243 781 294 a-a.
1140 238 1179 300 17

56 431 59 436 ’
110 437 167 498 qne
182 419 217 477 ad
233 416 330 476 omnis
344 433 430 476 casus
444 413 582 475 hahuerit
597 413 805 492 eloquentiam,
821 413 901 473 velut
915 413 1021 474 clausis
1035 414 1182 476 thesauris

109 501 272 563 incubabit.
308 500 375 561 Non
398 507 497 559 autem
519 507 552 559 ut
567 498 709 577 quidquid
724 497 883 575 praecipue
906 498 1106 559 necessarium
1130 507 1220 571 esta

108 588 151 648 sic
167 587 203 646 ad
215 584 403 646 efficiendum
416 591 563 644 oratorem
576 582 693 644 maximi
708 582 846 662 protinus
861 582 917 642 erit
927 582 1080 643 momenti.
1109 583 1182 643 Nam

108 681 199 743 certe,
215 687 282 730 cum
295 668 332 729 sit
344 669 374 728 in
387 668 553 745 eloquendo
565 668 694 746 positum
710 667 835 728 oratoris
846 666 985 742 officinm,
1001 667 1100 727 dicere
1115 677 1184 729 ante

111 756 211 816 omnia
227 761 287 823 est,
310 761 398 831 atque
419 751 489 816 hinc
505 752 621 812 initium
637 752 701 812 eius
714 751 785 813 artis
800 751 890 813 luisse
913 752 1101 813 manifestum
1123 761 1183 826 est;

109 839 278 921 proximum
294 836 400 897 deinde
411 836 534 896 imitatio
547 845 600 910 est,
616 835 807 897 novissimum
819 837 968 897 scribendi
984 855 1102 916 quoque
1118 837 1184 898 dili·

112 923 220 1004 gentia.
247 923 304 983 Sed
320 931 353 981 ut
367 920 515 1000 perveniri
531 921 566 981 ad
581 939 694 982 summa
710 920 767 981 nisi
782 939 818 981 ex
832 921 987 1001 principiis
1003 941 1063 982 non
1076 929 1185 1001 potest,
1208 931 1222 982 t

112 1011 151 1070 ita
166 1007 346 1088 procedente
362 1025 451 1085 opere
467 1006 524 1066 iam
540 1005 659 1066 minima
675 1005 822 1084 incipiunt
837 1024 900 1067 esse
912 1024 986 1084 quae
998 1006 1091 1085 prima
1104 1016 1183 1068 sunt.

112 1093 222 1153 Verum
238 1111 292 1152 nos
307 1110 379 1165 non,
395 1092 544 1169 quomodo
559 1091 597 1151 sit
611 1091 811 1151 instituendus
827 1097 942 1162 orator,
957 1090 1015 1151 hoc
1030 1090 1096 1152 loco
1111 1092 1185 1152 dici·

113 1197 192 1251 mus;
209 1195 276 1237 nam
291 1176 319 1236 id
337 1176 455 1254 quidem
472 1184 523 1235 aut
537 1175 607 1237 satis
622 1184 672 1235 aut
688 1182 768 1234 certe
783 1175 826 1234 uti
836 1174 988 1253 potuimus
999 1176 1110 1236 dictum
1124 1185 1185 1251 est;

113 1262 165 1325 sed
180 1263 303 1330 athleta,
319 1261 370 1338 qui
393 1279 498 1321 omnes
513 1260 571 1320 iam
591 1259 781 1339 perdidicerit
796 1277 812 1318 a
826 1267 1019 1338 praeceptore
1036 1279 1185 1335 numeros,

113 1365 172 1425 quo
187 1365 298 1426 genere
313 1345 532 1406 exercitationis
546 1345 582 1404 ad
601 1344 760 1404 certamina
776 1345 998 1422 praeparandus
1012 1344 1059 1404 sit.
1095 1345 1188 1424 lgitur

113 1450 198 1504 eum,
222 1430 273 1509 qui
296 1448 344 1490 res
359 1430 493 1490 invenire
516 1438 546 1489 et
560 1428 718 1508 disponere
734 1428 822 1501 sciet,
844 1429 933 1489 verba
954 1447 1073 1507 quoque
1089 1437 1118 1489 ct
1134 1429 1186 1489 eli-

114 1515 204 1594 gendi
220 1526 249 1575 et
260 1515 436 1575 conlocandi
448 1515 592 1574 rationem
604 1513 781 1592 perceperit,
798 1513 987 1586 instruamus,
1003 1532 1060 1591 qua
1074 1514 1188 1574 ratione

115 1600 196 1678 quod
211 1599 346 1659 didicerit
360 1599 456 1660 lacere
472 1617 559 1676 quam
575 1599 695 1677 optime,
711 1616 798 1677 quam
817 1599 951 1659 facillime
966 1599 1069 1678 possit.

201 1685 268 1744 Non
284 1700 355 1760 ergo
370 1683 493 1744 dubium
509 1692 566 1758 est,
590 1683 660 1761 quin
679 1683 705 1743 ei
720 1683 799 1743 velut
815 1702 886 1762 opes
901 1685 961 1744 sint
976 1684 1118 1762 quaedam
1135 1703 1188 1763 pa·
1210 1695 1225 1744 5

116 1770 235 1840 randae,
253 1768 359 1846 quibus
371 1766 423 1840 uti,
435 1767 615 1846 ubicumque
627 1767 822 1829 desideratum
836 1769 899 1843 erit,
915 1769 1018 1848 possit.
1044 1767 1104 1829 Eae
1116 1787 1189 1828 con-

153 1937 176 1987 3.
202 1934 345 1999 quidquid,
370 1935 433 1986 dher
451 1934 492 1986 die
511 1933 630 1986 Schreih·
680 1937 787 1986 wartete
804 1934 926 2000 dhrigens
944 1949 1035 2000 wegen
1052 1939 1192 2000 potuimus

120 2003 199 2054 weise
217 2008 274 2067 sagt
286 2000 371 2061 Quint.
385 2002 403 2066 l,
415 2007 463 2066 7,6
480 2001 628 2066 fmsscidiorn
681 2000 726 2054 das
743 2002 871 2053 hctivnm.

119 2073 162 2121 his
180 2070 247 2130 alia,
271 2076 302 2120 ut
325 2070 457 2136 quidquid
474 2086 487 2120 c
505 2074 630 2136 quartam
714 2070 762 2119 eed
778 2069 887 2118 athleta.
915 2069 1000 2128 Quint.
1019 2071 1081 2134 geht
1095 2070 1134 2121 ott
1146 2087 1192 2122 un·

119 2140 234 2199 haberet,
248 2153 282 2187 ne
293 2141 465 2202 interrogare
477 2141 517 2188 bie
528 2138 654 2200 videre·¹
682 2135 811 2187 mittelbar
838 2135 863 2185 in
891 2136 936 2186 das
961 2135 1090 2188 Gleichois
1114 2137 1191 2195 nibem

117 2222 188 2256 mur.
292 2265 299 2284 ‘
382 2265 390 2287 ‘
452 2272 458 2284 .
517 2272 522 2284 ¹
655 2203 914 2269 'vgt.§33.t,1.
1076 2254 1079 2258 ,

120 2271 632 2406 ..ttttttittlalttllll.tl
682 2270 1195 2407 .allah..lttetlftllhlit]

121 2357 308 2472 Schlndslolgm
326 2403 411 2523 agl}
430 2411 471 2459 42.
491 2409 514 2470 3,
533 2411 571 2460 18.
590 2409 630 2459 22.
682 2407 734 2473 vgl.
751 2406 801 2467 llll,
815 2409 838 2469 2,
853 2409 883 2458 12
899 2408 1057 2471 pahtestatei
1074 2409 1196 2458 doctores

155 2475 301 2540 eloquendo
319 2475 370 2540 vgl.
413 2474 450 2538 lll,
468 2474 585 2526 Prooem.
600 2478 630 2527 15
682 2475 755 2536 illos,
781 2489 845 2538 quos
861 2489 987 2524 numeros
1004 2481 1115 2537 vocent,
1140 2492 1194 2526 aaa

119 2545 209 2608 eloqui
221 2545 290 2592 enim
303 2547 342 2592 est
354 2546 452 2607 omnia,
468 2559 535 2608 quae
546 2547 633 2593 mente
683 2540 961 2607 idcircodncenetoos
975 2541 1095 2607 tradunt,
1113 2547 1144 2592 at
1160 2546 1195 2593 its

122 2613 287 2676 conceperis,
304 2626 427 2676 promere
444 2615 526 2676 atque
537 2611 574 2662 ad
584 2627 632 2662 au·
683 2611 805 2661 omnibus
816 2611 845 2673 ti,
864 2613 911 2673 qui
923 2609 1076 2673 didicerint,
1093 2613 1122 2660 in
1137 2614 1194 2676 ipso

121 2680 220 2731 diaetis
236 2677 375 2744 perferre,
397 2681 455 2729 aine
472 2695 524 2744 quo
541 2694 633 2743 super·
684 2677 807 2728 luctandi
824 2680 968 2727 certamine
984 2682 1113 2743 utantur,
1134 2679 1197 2730 filin-

121 2762 207 2798 vacua
225 2752 290 2796 aunt
304 2751 400 2812 paa'oro
419 2753 445 2797 et
461 2748 634 2811 similiaglo·
684 2745 735 2796 lich
753 2744 780 2807 ll,
799 2747 823 2807 8,
843 2748 873 2797 13
892 2761 947 2796 non
964 2773 998 2783 -
1014 2761 1101 2797 necata
1117 2748 1196 2798 modo

123 2816 168 2867 dio
191 2815 298 2865 condito
316 2821 397 2880 atque
413 2817 488 2866 intra
507 2817 633 2880 omnam
685 2818 765 2878 atque
788 2815 871 2862 iniis
894 2817 979 2864 certos
1001 2813 1105 2879 aliquas
1122 2815 1197 2866 doee-

122 2898 197 2933 mam
217 2884 344 2933 haerenti.
686 2883 733 2942 tit,
752 2879 803 2930 und
819 2879 861 2943 lx,
879 2883 931 2943 4,8
949 2880 1054 2941 artifex
1070 2888 1158 2934 motus
1171 2888 1198 2932 et

159 2953 288 3014 oratoris,
324 2951 394 3001 nicht
423 2949 561 3016 cigentlich
592 2947 635 3000 der
686 2951 755 2999 certi
772 2948 879 3013 qrcidam
893 2949 983 3013 pedes.

125 3015 233 3078 Redner,
252 3017 360 3068 condem
374 3018 511 3082 derjenige,
523 3016 636 3068 welcher
721 3018 768 3081 qui
784 3044 818 3052 —
834 3018 908 3066 sciet.
942 3014 1000 3067 Man
1022 3016 1129 3068 heachte
1148 3017 1195 3069 den

126 3084 167 3135 ein
185 3081 287 3133 Redner
304 3083 407 3135 werden
426 3085 487 3134 will.
686 3083 712 3134 in
724 3082 901 3134 lehrbdehern
916 3083 1061 3152 uberhaupt
1078 3085 1196 3136 hblichen

161 3155 224 3201 ante
241 3154 340 3213 omnia,
357 3151 398 3201 bei
411 3150 496 3211 Quint.
514 3149 594 3202 cistere
611 3150 636 3200 in
689 3150 821 3202 Gebrauch
834 3150 1022 3202 deanturums
1033 3153 1058 3202 in
1071 3152 1196 3204 relativen

127 3219 172 3271 der
189 3217 361 3284 Aulzihlung‚
379 3219 430 3284 vgl.
451 3221 474 3279 2,
494 3221 517 3269 4.
536 3221 560 3281 7,
579 3219 602 3269 6.
643 3254 645 3261 ,
689 3218 911 3270 Zwischensitzen
930 3222 994 3270 statt
1009 3218 1054 3270 des
1066 3217 1198 3282 Konjunk-

160 3292 183 3338 t.
203 3291 298 3337 aut-
310 3291 364 3351 aut,
383 3287 408 3337 in
428 3285 472 3337 der
486 3285 638 3351 Bedentnng
690 3286 1198 3350 tivs,vgl.§5.10.13.1l.2·2.25.33ete.

125 3369 176 3406 von
195 3356 220 3403 η’
236 3358 326 3405 minuc
345 3357 424 3417 echa,
450 3359 480 3405 at
502 3358 571 3404 certe
595 3356 638 3402 uti
722 3353 852 3418 eligendi,
875 3354 965 3420 gehdrt
982 3352 1134 3404 wesentlich
1153 3369 1198 3407 zur

126 3425 276 3488 potuimus,
300 3422 352 3488 vgl.
371 3421 423 3485 llll,
442 3426 483 3488 tt,
502 3425 531 3474 21
551 3425 583 3471 ut
605 3421 638 3471 de
688 3421 810 3483 edomatio,
827 3421 879 3487 vgl.
899 3423 914 3484 ὅ
934 3424 957 3473 6.

127 3491 240 3541 Homero
265 3495 381 3555 taceam,
408 3493 438 3540 in
461 3507 513 3557 quo
536 3489 638 3539 nulline
722 3487 955 3554 faeere—possit,
972 3487 1024 3554 vgl.
1043 3486 1094 3551 ΧΠ,
1113 3491 1153 3554 10,
1167 3493 1198 3541 ’Π

127 3573 181 3607 non
199 3561 267 3608 artis
285 3562 334 3608 aut
345 3574 431 3624 opera·
440 3556 571 3624 perfecto,
592 3560 641 3606 aut
691 3555 784 3621 Neque
803 3572 865 3607 vero
889 3559 978 3607 omnia
996 3560 1064 3620 iata,
1088 3555 1120 3606 de
1142 3561 1201 3623 qui-

127 3630 198 3676 eerta
214 3643 268 3678 non
281 3627 364 3677 dubia
375 3628 490 3690 vestigia
501 3626 640 3691 reperiun-
692 3626 739 3674 bus
757 3625 839 3675 laetati
855 3639 958 3687 manns,
980 3626 1079 3688 optime
1096 3628 1200 3676 tantum

129 3697 182 3743 tur.
691 3691 738 3741 aed
755 3695 835 3742 etiam
852 3691 981 3753 facillime
997 3688 1090 3750 saciet.

167 3765 232 3810 satos
269 3762 369 3812 dietum
408 3765 459 3823 est,
496 3760 547 3812 wie
581 3758 640 3823 vlu,
727 3761 750 3810 5.
769 3759 884 3809 velut-
897 3758 1035 3823 quaedam,
1053 3758 1079 3810 in
1094 3760 1139 3812 der
1150 3761 1202 3812 An-

129 3826 246 3880 Prooem.
259 3832 292 3882 at
311 3834 334 3894 5,
348 3832 363 3881 9
377 3828 427 3893 Vll,
440 3827 579 3880 Prooeml
594 3828 642 3880 mit
693 3825 803 3891 fhhrnng
844 3827 914 3877 eines
949 3824 1121 3881 Gleichnisses
1160 3829 1202 3880 bei

129 3895 188 3946 dem
206 3896 296 3948 Zusatz
319 3903 351 3948 ut
368 3899 500 3954 arbitror-3
523 3910 582 3947 man
604 3910 642 3947 er·
693 3892 780 3953 Quint.
798 3893 856 3945 sehr
873 3891 974 3960 hhufiq,
998 3894 1039 3947 bei
1058 3895 1109 3947 Cic.
1130 3896 1204 3948 natm

182 3988 402 4038 quincuncem
411 3987 493 4030 ΜΗ.
507 3987 593 4030 hlntl.
982 3983 997 4032 2
