2684 4508
154 241 195 305 66
527 243 634 296 CAPUT
652 245 690 299 ΠΙ.
707 246 723 310 ἦ
746 247 851 298 15-20.

156 420 289 500 resupini
304 427 531 498 spectantesque
547 426 656 479 tectum
677 426 706 479 et
724 418 932 498 cogitationem
947 436 1099 479 murmure
1114 418 1235 497 agitan-

155 516 200 569 tes
220 503 484 584 expectaverimus,
511 504 581 583 quid
605 503 756 578 obveniat;
782 505 830 564 ced
856 503 926 581 quid
947 522 995 564 res
1012 510 1128 582 poscat.
1158 505 1234 583 quid

156 607 313 670 personam
330 590 441 664 deceat,
457 590 537 668 quod
548 589 585 650 sit
596 596 722 667 tempus,
739 588 790 666 qui
800 588 906 650 iudicis
917 589 1041 658 animus,
1057 588 1158 649 intuiti
1173 590 1233 650 bu·

155 693 244 736 mano
260 674 385 753 quodam
407 675 494 735 modo
516 672 761 734 adscribendum
783 673 1001 734 accesserimus.
1032 673 1080 734 Sic
1096 673 1185 735 nobis
1199 684 1234 736 et

105 771 134 821 16
155 760 237 821 initia
253 768 283 819 et
298 777 373 838 quae
389 768 533 819 secuntur
549 766 653 818 natura
668 758 731 836 ipsa
746 757 930 836 praescribit.
962 758 1046 818 Certa
1063 768 1133 819 sunt
1147 759 1231 820 enim

157 846 296 923 pleraque
313 852 351 917 et,
373 844 429 904 nisi
445 844 643 915 coniveamus,
665 842 695 903 in
713 842 814 903 oculos
829 843 1002 918 incurrunt3
1030 843 1155 924 ideoque
1172 863 1231 906 nec

156 928 268 989 indocti
284 947 339 989 nec
354 928 456 990 rustici
472 928 521 989 diu
538 935 694 1007 quaerunt,
710 928 789 988 unde
804 927 964 1006 incipiant;
980 946 1039 1006 quo
1054 930 1230 1008 pudendum

156 1022 200 1075 est
214 1013 316 1091 magis,
331 1013 356 1074 si
372 1014 572 1075 difficultatem
589 1012 659 1073 lacit
673 1012 816 1072 doctrina.
847 1012 913 1072 Nou
926 1031 996 1092 ergo
1008 1032 1125 1093 semper
1139 1023 1229 1094 pute·

156 1117 222 1160 mus
237 1099 381 1177 optimum
397 1118 461 1160 esse
478 1100 555 1178 quod
570 1097 654 1173 latct3
670 1097 903 1159 inmutescamus
919 1098 1037 1176 alioqui,
1053 1100 1076 1159 si
1094 1099 1167 1161 nihil
1182 1100 1229 1160 di-

107 1193 134 1244 tt
156 1185 284 1245 cendum
305 1185 436 1246 videatur
458 1184 515 1246 nisi
538 1183 616 1262 quod
639 1201 700 1242 non
722 1182 897 1243 invenimus.
928 1182 1081 1243 Diversum
1097 1193 1142 1245 est
1157 1186 1229 1246 huic

105 1278 107 1283 ‘
157 1288 261 1330 eorum
283 1269 394 1343 vitium,
421 1270 471 1348 qui
492 1269 589 1348 primo
610 1268 768 1328 decurrere
793 1285 848 1348 per
872 1269 1024 1329 materiam
1050 1268 1116 1329 stilo
1139 1289 1229 1348 quarn

157 1354 340 1416 velocissimo
356 1355 459 1415 volunt
473 1363 503 1414 et
517 1361 677 1431 sequentes
692 1353 819 1413 calorem
840 1363 928 1431 atque
943 1354 1085 1431 impetum
1102 1373 1136 1414 ex
1152 1363 1230 1416 tem-

158 1459 230 1520 pore
246 1439 395 1513 scribunt;
417 1440 494 1499 hanc
509 1438 608 1500 silvam
624 1447 737 1499 vocant.
774 1437 925 1517 Repetunt
938 1438 1045 1499 deinde
1060 1447 1090 1498 et
1105 1457 1230 1521 compo-

157 1533 233 1587 nunt
248 1543 323 1604 quae
339 1525 520 1599 effuderant3
542 1523 593 1584 sed
615 1523 704 1583 verba
718 1524 914 1584 emendantur
929 1532 958 1584 et
980 1524 1106 1599 numeri,
1128 1536 1231 1588 manet

107 1618 134 1669 18
157 1611 186 1671 in
203 1610 293 1670 rebus
308 1618 419 1669 temere
435 1609 584 1687 congestis
600 1626 675 1687 quae
690 1609 746 1668 luit
760 1607 868 1669 levitas.
902 1608 1039 1669 Protinus
1055 1627 1127 1688 ergo
1143 1612 1229 1673 adbi-

122 1689 125 1693 ’
157 1694 228 1755 bere
243 1711 343 1754 curam
360 1694 469 1754 rectius
484 1694 540 1754 erit
561 1701 648 1772 atque
670 1692 706 1752 ab
727 1692 811 1753 initio
827 1694 869 1754 sic
888 1712 964 1772 opus
979 1695 1096 1768 ducere,
1112 1704 1147 1756 ut
1162 1715 1229 1758 cae-

158 1779 277 1839 landum
289 1797 350 1839 non
363 1797 398 1838 ex
409 1778 526 1858 integro
539 1777 741 1838 fabricandum
758 1777 804 1838 sit.
835 1778 999 1856 Aliquando
1015 1787 1111 1839 tamen
1129 1783 1229 1842 adlec-

7 1929 10 1935 ,
155 1873 204 1939 tus
219 1881 387 1942 sequemur,
403 1863 432 1923 in
450 1862 557 1943 quibus
573 1866 635 1924 lere
649 1863 716 1940 plus
731 1862 812 1922 calor
826 1881 914 1941 quam
929 1863 1077 1943 diligentia
1093 1866 1177 1927 valet.

106 1957 133 2007 19
241 1948 316 2009 Satis
332 1957 452 2028 apparel
474 1967 509 2009 en
531 1967 575 2023 co,
597 1949 676 2027 quod
696 1947 773 2007 hanc
795 1947 988 2009 scribentium
1011 1951 1229 2030 neglegentiam

155 2032 272 2107 damno,
294 2034 362 2112 quid
384 2035 420 2094 de
443 2034 500 2094 illis
522 2032 692 2095 dictandi
715 2032 826 2093 deliciis
847 2033 980 2094 sentiam.
1010 2035 1082 2094 Nam
1104 2036 1134 2096 in
1158 2037 1227 2098 stilo

156 2119 276 2197 quidem
292 2118 452 2197 quamlibet
467 2128 626 2198 properato
644 2118 693 2177 dat
706 2117 832 2196 aliquam
849 2118 1019 2195 cogitationi
1034 2138 1146 2182 moram
1163 2141 1226 2182 non

156 2222 345 2282 consequens
360 2204 539 2264 celeritatem
556 2205 619 2266 eius
630 2221 752 2277 manus;
769 2202 817 2263 illc
829 2203 876 2262 cui
889 2203 1032 2266 dictamus
1041 2215 1125 2282 urget
1135 2214 1225 2282 atque

156 2289 276 2350 interim
291 2290 383 2368 pudet
398 2289 484 2348 etiam
500 2289 633 2349 dubitare
648 2296 698 2348 aut
712 2288 849 2348 resistere
866 2297 916 2348 aut
926 2299 1040 2350 mutare
1055 2289 1135 2367 quasi
1149 2307 1223 2349 con-

105 2381 134 2430 tu
156 2374 247 2435 scium
273 2373 452 2434 infirmitatis
474 2384 592 2434 nostrae
614 2375 760 2435 timentes.
791 2372 857 2443 Quo
872 2374 913 2444 lit,
937 2382 1044 2435 utnon
1061 2373 1223 2435 rudiatan-
1277 2439 1280 2445 ,

156 2467 216 2519 tum
240 2467 270 2518 et
290 2459 408 2520 fortuita
432 2460 482 2519 sed
505 2459 657 2539 inpropria
679 2457 807 2531 interim,
830 2459 900 2518 dum
915 2459 977 2520 sola
992 2469 1037 2520 est
1051 2458 1225 2520 conectendi

155 2544 301 2604 sermonis
322 2544 474 2624 cupiditas,
501 2545 632 2619 ellluant,
659 2560 734 2622 quae
756 2560 812 2602 nec
834 2542 1026 2605 scribentium
1048 2563 1148 2605 curam
1170 2563 1227 2606 nec

155 2628 317 2689 dicentium
337 2628 480 2708 impetum
502 2636 734 2707 consequantur.
765 2629 801 2686 tt
822 2627 898 2688 idern
922 2628 979 2701 ille,
1000 2628 1050 2706 qui
1066 2630 1184 2707 excipit,
1201 2630 1226 2692 si

156 2776 335 2880 ...belliue
353 2760 666 2895 “tlttttltltltl
716 2761 831 2894 tttt
849 2761 967 2881 llrllll
983 2759 1168 2879 dibillliffl
1182 2763 1227 2882 'tl'

155 2895 203 2946 wir
222 2894 340 2961 subrigens
363 2897 429 2948 noch
447 2898 554 2949 manclre
572 2897 664 2948 andere
714 2895 892 2963 Ubersetzung
916 2894 959 2947 der
977 2897 1024 2947 mit
1041 2895 1098 2948 dem
1118 2898 1226 2962 griechi-

155 2961 278 3015 trellende
295 2963 444 3016 Ausdrbcke
463 2965 553 3018 haben.
714 2964 792 3015 seben
807 2963 894 3017 Worte
907 2963 1068 3031 gewdbnlicb
1084 2965 1227 3018 verbunde-

188 3035 316 3097 resupr'ot,
327 3047 378 3084 rou
395 3032 460 3096 dent,
479 3033 523 3086 der
535 3033 583 3086 den
597 3031 665 3099 llopl
714 3046 763 3083 nen
773 3031 932 3099 Bedeutung,
945 3026 995 3098 ὕλη
1005 3033 1081 3084 beilst
1090 3032 1151 3084 aber
1160 3035 1226 3086 auclr

154 3097 343 3166 nurbckbeugt,
366 3100 421 3152 also
443 3100 583 3153 besonders
610 3115 662 3151 ron
714 3101 770 3152 eine
794 3101 967 3167 ungeordnete
989 3100 1085 3164 Messe,
1113 3101 1225 3154 welcber

155 3168 220 3231 dem,
239 3168 283 3220 der
295 3167 350 3220 sich
367 3167 393 3219 in
405 3167 535 3233 liegender
548 3168 665 3234 Stellung
716 3166 814 3235 Begrlll'
836 3175 889 3221 erst
910 3170 935 3220 in
959 3169 1028 3221 silva
1051 3169 1225 3236 bincingelegt

155 3235 276 3289 bellndet.
715 3236 811 3289 wurde.

191 3307 229 3356 16.
247 3308 462 3368 inmuteseamuc,
479 3304 521 3354 ein
533 3303 592 3355 sehr
604 3303 664 3355 selt-
752 3306 789 3356 18.
808 3319 874 3368 opor
892 3305 995 3368 ducere,
1013 3306 1054 3357 ein
1073 3303 1152 3355 Werlr
1171 3305 1226 3356 aul·

155 3387 199 3424 ner
215 3371 350 3424 Ausdruck
373 3376 436 3424 statt
458 3371 503 3424 des
527 3376 600 3423 sonst
617 3372 662 3422 ub-
714 3371 823 3424 nehmen
841 3371 893 3422 und
910 3372 1058 3424 lortlulrren.

154 3440 238 3492 lichen
258 3442 442 3492 obmutescere.
748 3441 776 3490 in
795 3441 891 3505 quibua
907 3468 942 3478 -
959 3441 1044 3505 octat,
1063 3440 1104 3491 die
1124 3439 1224 3492 Wirnre

189 3510 300 3573 alloqui,
317 3509 343 3559 in
365 3508 408 3560 der
427 3507 571 3573 Folgerung
591 3507 662 3559 eines
714 3508 857 3574 bberwiegt
874 3506 923 3559 den
937 3508 1064 3573 etwaigen
1077 3507 1180 3574 blangel
1193 3525 1224 3560 un

154 3574 403 3629 llonditionalsatzes
421 3576 501 3627 bitere
520 3576 560 3627 bei
576 3574 662 3635 Quint.
715 3574 884 3628 Korrektbeit.

154 3644 205 3709 rgl.
224 3645 240 3710 §
260 3646 300 3696 30.
751 3647 790 3696 19.
808 3643 931 3708 delictas,
949 3643 1099 3695 bezeichnet
1117 3642 1158 3695 dle
1181 3644 1225 3695 be-

191 3715 228 3763 l'l.
239 3713 381 3763 Diuersum
390 3740 423 3749 —
433 3713 503 3762 bute.
521 3710 566 3763 Bel
577 3710 663 3771 Quint.
714 3711 822 3763 sundere
835 3711 953 3777 Neigung
971 3726 1001 3763 zu
1015 3714 1096 3762 etwas
1109 3712 1161 3763 und
1178 3711 1224 3763 des

151 3778 206 3830 und
224 3778 273 3830 den
286 3778 409 3846 Spiteren
422 3780 456 3831 ist
473 3779 517 3831 der
530 3778 605 3831 Datin
621 3779 663 3831 bei
715 3778 916 3845 Wohlgelallen,
953 3779 1066 3831 welches
1099 3795 1156 3831 man
1191 3793 1223 3830 an

153 3846 274 3898 dicerem
289 3846 497 3912 verberrscbend,
516 3847 557 3899 bei
576 3847 662 3899 (licere
715 3847 798 3898 einern
817 3845 995 3912 Gegenstande
1013 3846 1065 3900 bat.

151 3917 194 3966 ab.
750 3916 789 3966 20.
802 3917 826 3965 et
837 3915 944 3966 tardior
962 3922 1010 3968 cet.
1023 3916 1173 3969 bezeichnet
1182 3913 1223 3966 die
