2684 4508
505 226 611 278 61161
629 227 646 280 1.
666 228 682 293 6
701 231 810 281 ar-aa.
1151 229 1191 288 25

122 426 194 468 suco
209 414 323 484 potest;
338 420 443 464 verum
457 411 487 462 et
501 403 563 481 ipsa
578 403 620 463 sic
636 412 680 464 est
694 402 826 480 legenda,
844 412 876 462 ut
886 402 1021 475 sciamur,
1037 403 1193 483 plerasque

120 493 184 552 eius
192 491 313 551 virtutes
325 488 436 549 oratori
449 506 514 548 esse
526 487 665 548 vitandas.
692 486 809 548 Etenim
821 487 955 565 proxima
966 488 1062 566 poetis
1073 499 1103 548 et
1117 508 1192 567 quo-

120 576 275 637 dammodo
292 591 412 634 carmen
429 572 559 633 solutum
575 581 620 633 est
634 582 663 633 et
677 572 817 634 scribitur
831 572 867 632 ad
884 572 1064 633 narrandum
1080 593 1142 634 non
1156 576 1192 635 ad

119 660 325 741 probandum,
342 667 496 735 totumque
512 675 586 735 opus
602 676 664 717 non
679 656 827 719 adactum
842 659 886 718 rei
900 675 1091 737 pugnamque
1106 677 1192 737 prae-

119 757 234 807 sentem
258 744 310 804 sed
325 742 361 802 ad
376 740 548 802 memoriam
569 741 750 819 posteritatis
766 751 796 802 et
815 742 929 820 ingenii
947 744 1054 802 lamam
1069 762 1191 822 compo-

120 830 361 906 nitur„idcoque
376 837 406 886 et
419 825 517 887 verbis
530 826 740 891 remotioribus
755 836 784 886 et
799 827 986 889 liberioribus
1003 828 1106 906 figuris
1122 847 1191 889 nar-

119 914 206 975 randi
222 912 350 974 taedium
365 911 460 971 evitat.
490 911 600 989 ltaque,
617 921 650 971 ut
665 911 738 985 dixi,
755 931 853 990 neque
868 913 916 973 illa
932 913 1107 974 Sallustiana
1123 914 1191 973 bre·
1212 920 1242 970 32

118 1000 208 1072 vitas,
238 1016 295 1076 qua
316 997 389 1057 nibil
410 996 488 1075 apud
510 1015 596 1056 aures
616 1014 723 1057 vacuas
745 1007 834 1073 atque
857 998 985 1059 eruditas
1007 1008 1105 1077 potest
1127 1016 1192 1059 esse

119 1084 293 1163 perfectius,
312 1081 388 1160 apud
404 1089 583 1158 occupatum
596 1081 684 1141 variis
698 1081 927 1159 cogitationibus
941 1083 1067 1144 iudicem
1083 1094 1113 1144 et
1127 1101 1191 1143 sae·

118 1169 187 1248 pius
201 1166 380 1229 ineruditum
396 1165 541 1245 captanda
557 1163 645 1225 uobis
660 1173 719 1239 est;
736 1183 834 1242 neque
848 1166 978 1226 illaLirii
992 1168 1085 1229 lactea
1102 1167 1191 1228 uber·

119 1264 163 1313 tas
177 1252 245 1314 satis
260 1251 382 1312 docebit
403 1269 488 1321 eum,
513 1249 563 1327 qui
586 1268 647 1309 non
668 1249 798 1327 speciem
819 1250 1011 1329 expositionis
1029 1252 1081 1313 sed
1104 1254 1191 1314 tidem

118 1337 241 1416 quaerit.
271 1336 352 1396 Adeo
368 1335 407 1395 M.
422 1334 537 1394 Tullius
552 1353 592 1393 ne
603 1333 794 1412 Thucydiden
811 1335 930 1412 quidem
946 1344 997 1396 aut
1008 1334 1190 1416 Xenophon·
1214 1342 1242 1391 ³3

116 1433 176 1505 tem
191 1422 278 1484 utiles
293 1420 404 1480 oratori
419 1426 520 1498 putat,
543 1437 721 1497 quamquam
736 1418 819 1479 illum
834 1419 1016 1481 bellicum
1033 1439 1190 1496 canere,

116 1507 204 1568 huius
220 1525 272 1567 ore
287 1506 413 1565 Musas
435 1521 521 1564 esse
537 1502 686 1564 locutas
702 1504 856 1564 existimet.
884 1505 969 1565 Licet
989 1514 1087 1566 tamen
1104 1505 1191 1566 nobis

116 1592 148 1653 in
165 1589 400 1670 digressionibus
415 1587 458 1648 uti
473 1586 519 1647 vel
532 1587 672 1649 historico
695 1607 921 1666 nonnumquam
938 1591 1051 1664 nitore,
1073 1592 1144 1651 dum
1159 1591 1189 1650 in

115 1677 171 1750 his,
187 1676 223 1735 de
238 1674 347 1753 quibus
362 1673 419 1734 erit
434 1672 582 1751 quaestio,
602 1673 833 1746 meminerimus,
849 1693 912 1734 non
927 1675 1102 1735 athletarum
1118 1676 1190 1736 toris

116 1761 168 1822 sed
183 1760 309 1819 militum
324 1757 441 1819 lacertis
455 1775 526 1837 opus
541 1776 621 1832 esse;
646 1776 701 1818 nec
723 1758 932 1818 versicolorem
947 1759 1041 1833 illam,
1059 1780 1116 1839 qua
1131 1762 1188 1821 lle·

151 1879 192 1928 31.
211 1879 237 1924 et
248 1876 307 1958 6666
319 1874 423 1940 bezieht
434 1873 489 1954 sich
502 1873 547 1924 aul
557 1873 572 1938 ξ
585 1875 626 1926 28.
678 1875 738 1939 gula
757 1873 802 1926 aui
817 1878 831 1925 5
850 1875 979 1927 vermehrt
1000 1891 1100 1940 waren,
1125 1876 1190 1928 auch

151 1959 230 2008 opus,
264 1942 304 1994 die
325 1942 453 2008 Gattung,
478 1942 528 1993 wie
546 1955 627 2006 genus
678 1957 728 1993 von
746 1942 795 1993 den
813 1941 933 1996 Richtern
951 1943 1027 1995 hcine
1041 1944 1189 2007 juristische

116 2012 132 2075 §
153 2013 197 2064 28:
219 2011 271 2077 vgl.
296 2011 312 2076 ξ
335 2013 376 2062 96.
395 2013 435 2062 64.
462 2013 502 2062 61.
525 2011 567 2062 69.
586 2012 626 2061 76.
678 2008 1190 2076 66161166661611663166166,66161

116 2081 156 2131 72.
175 2081 215 2131 96.
235 2081 292 2130 123.
311 2081 334 2138 2,
353 2080 394 2130 21.
677 2076 721 2128 der
730 2077 786 2128 hier
798 2079 953 2141 gebrauchte
963 2079 1097 2130 Ausdruck
1110 2079 1190 2130 lelcht

150 2149 290 2209 uetuerat,
309 2144 628 2210 VerrichtungeinesGe·
678 2143 821 2196 erklairlich.
861 2145 908 2197 Bei
930 2146 1111 2197 Privatsachen
1134 2153 1186 2198 ent-

114 2212 628 2281 36661666666611666666161161116656-
678 2211 765 2263 schied
782 2213 859 2264 meist
876 2214 918 2264 ein
935 2213 1125 2266 llinzehichter.

113 2285 153 2332 nii
164 2281 274 2345 samam,
286 2281 328 2333 die
339 2281 431 2333 beiden
444 2281 549 2331 inneren
560 2279 627 2332 Glie·
711 2281 796 2331 lactea
806 2283 921 2343 ululas,
933 2275 1089 2334 ‘strotzende
1098 2276 1189 2346 ralle',

113 2349 158 2413 der
170 2348 375 2411 untereinander‚
387 2349 439 2415 rgl.
451 2347 625 2414 'l'hukydides’
676 2348 728 2412 rgl.
748 2349 764 2414 §
781 2351 825 2400 101
848 2349 898 2400 und
916 2350 943 2413 ll,
957 2353 981 2413 5,
997 2352 1039 2403 19:
1059 2365 1107 2414 ego
1121 2353 1189 2415 opti-

113 2415 259 2482 hulserung
285 2417 349 2467 6661
375 2417 430 2467 sein
454 2415 533 2467 Werh
555 2415 573 2478 Ι,
593 2418 625 2469 22
676 2431 732 2466 mos
750 2417 856 2480 quidam
875 2419 1008 2468 utstatim
1033 2422 1059 2467 ct
1079 2433 1189 2482 seraper,

113 2484 202 2550 κτῆμα
218 2479 249 2534 di
257 2485 283 2535 is
291 2478 332 2534 ἀεὶ
340 2480 444 2550 μᾶλλον
457 2476 626 2551 ἣᾶγώνισμα
675 2483 723 2534 sed
744 2489 832 2535 tamon
855 2499 947 2534 eorum
971 2486 1189 2535 candidissimum

114 2553 140 2602 is
149 2549 180 2603 τὸ
191 2552 356 2621 παραχρῆμα
364 2545 472 2603 ἀκούειν
478 2548 624 2621 σύγκειται.
677 2567 805 2617 quotaque
816 2556 843 2600 el
853 2555 971 2602 1116616166
985 2555 1135 2618 expositum
1147 2568 1189 2601 ue-

147 2623 238 2684 euitat‚
251 2620 423 2684 6160666166,
435 2613 625 2670 ’6666166161-
676 2621 736 2682 lim,
763 2623 795 2670 ut
816 2619 924 2670 Livium
947 2638 963 2670 a
983 2623 1079 2686 pueris
1102 2622 1189 2685 magis

112 2681 230 2740 meiden’.
677 2703 757 2752 quarn
775 2687 941 2739 Sallustium.

148 2758 188 2808 32.
210 2757 333 2808 uldini.
363 2754 404 2818 lv,
423 2757 447 2818 2,
465 2759 512 2808 45:
537 2755 626 2819 Quare
710 2758 822 2821 speciem
840 2759 1024 2822 expositionis,
1041 2747 1129 2807 ‘Glanz
1145 2755 1189 2807 der

112 2824 224 2875 vitanda
243 2828 281 2874 est
297 2826 380 2874 etiarn
396 2824 445 2874 illa
458 2823 625 2874 Sallustiana
676 2818 855 2889 Darslellung'‚
878 2828 1106 2890 entgegengeaetat
1130 2824 1188 2875 dem

112 2892 228 2942 breuitas
244 2896 272 2941 at
283 2894 426 2957 abruptum
440 2895 570 2941 sermonis
578 2907 626 2955 ge·
675 2889 816 2942 Bestreben
838 2907 868 2942 zu
887 2893 1060 2958 uberaeugem
1085 2891 1188 2942 ahnlich

113 2972 173 3021 nus,
192 2959 264 3022 quod
280 2962 393 3009 otiosum
410 2958 526 3018 fortusse
545 2960 623 3010 lecto·
676 2959 691 3019 6
712 2960 742 3011 31
763 2959 800 3010 ad
815 2961 984 3010 narrandum
1001 2976 1056 3011 non
1074 2962 1110 3010 ad
1123 2975 1188 3026 pro·

111 3040 169 3076 rem
181 3028 269 3075 nunus
279 3026 367 3089 fallat,
378 3026 528 3076 audientem
537 3031 624 3077 trans·
674 3026 799 3077 dandum.

112 3092 199 3155 volut,
218 3107 279 3158 nec,
297 3093 359 3143 dum
376 3096 515 3157 repetatur
533 3094 626 3154 (wahr-
711 3097 751 3147 63.
770 3095 805 3145 M.
827 3094 938 3160 Tullius,
958 3095 1026 3147 Orat.
1046 3097 1085 3159 12,
1099 3098 1131 3147 69
1150 3095 1187 3145 al·

112 3160 255 3212 scheinlich
268 3161 331 3211 dum
340 3162 519 3226 percipiatur)
532 3177 626 3227 eapse-
677 3167 717 3212 ter
734 3161 918 3230 (Thucydides)
940 3167 1081 3215 incitatior
1098 3163 1187 3224 fertur

111 3233 158 3280 tat.
675 3235 703 3281 u
724 3231 757 3281 do
778 3233 879 3283 bellicis
901 3234 980 3282 rebus
1006 3234 1081 3282 canit
1106 3233 1187 3280 etiam

145 3311 350 3360 aurasicanos,
369 3296 413 3348 der
431 3295 573 3362 Gegensatz
591 3298 625 3350 ist
676 3299 1010 3364 quodammodotellicum.
1031 3301 1070 3361 19,
1079 3301 1124 3348 622
1137 3297 1187 3347 Xe-

112 3368 270 3430 occupatum
297 3367 383 3415 variis
405 3368 623 3430 cogitationibus.
674 3370 819 3433 nophmtis
835 3383 900 3417 uoce
912 3367 1003 3417 Musas
1020 3368 1098 3430 quasi
1116 3365 1187 3416 locu-

144 3431 323 3496 iueruditum,
362 3427 440 3484 ‘ohne
475 3434 624 3497 juristische
675 3439 715 3485 tas
732 3434 839 3495 suunt.-
856 3434 907 3500 vgl.
927 3435 942 3498 ξ
962 3438 1002 3485 73.
1022 3436 1063 3485 82.

109 3494 286 3578 11166616666,
309 3500 455 3566 uberhaupt
476 3501 537 3553 aber
557 3501 623 3552 auch
708 3518 878 3568 quamquam,
891 3503 937 3553 mit
949 3502 1006 3553 dem
1019 3499 1200 3565 Konjunktiv‚·

119 3567 186 3620 ohne
203 3561 331 3634 Bildnng’‚
349 3569 401 3634 vgl.
419 3568 460 3632 lV,
474 3572 497 3632 2,
511 3573 543 3620 45
563 3584 622 3618 eum
674 3585 694 3621 s.
712 3569 861 3634 Einleitung
878 3567 904 3620 S.
927 3573 965 3621 14.
1155 3584 1158 3585 ’

109 3663 144 3672 -
155 3637 271 3687 iudicent
282 3652 350 3687 rura
362 3637 522 3702 plerumque
538 3639 568 3686 iu
580 3637 623 3686 da·
708 3638 870 3687 athletarum
880 3666 913 3675 —
923 3638 1039 3700 lacertis,
1052 3635 1103 3700 vgl.
1117 3637 1133 3699 ,6
1144 3639 1184 3699 ll,

109 3705 201 3754 curias
218 3707 335 3757 mittant.
370 3703 407 3754 lla
426 3705 476 3756 seit
489 3705 622 3769 Angustus
674 3719 717 3755 wo
727 3719 790 3755 euro
801 3700 853 3757 und
862 3707 957 3755 lacerti
963 3702 1083 3756 einander
1092 3718 1186 3770 gogon-

108 3769 154 3822 der
177 3771 253 3823 dritte
272 3770 353 3823 Stand
377 3787 408 3824 au
422 3773 488 3828 ‚dem
507 3771 623 3824 Richter·
674 3772 843 3836 dbcrgestellt
859 3773 926 3823 sind.

109 3844 177 3891 amte
199 3839 350 3904 zugelasscn
374 3840 426 3891 und
449 3840 490 3892 die
508 3839 624 3892 Richter·
708 3841 895 3890 versicolorem
913 3843 1018 3904 vasten,
1035 3839 1185 3892 661161616-

108 3905 236 3958 llehnrien
253 3921 305 3958 von
323 3906 375 3958 ihm
394 3908 440 3960 aul
452 3912 477 3972 4,
495 3923 546 3960 von
559 3907 624 3960 cali·
657 3923 739 3974 srung
760 3909 813 3973 vgl.
833 3906 893 3973 Vlll,
911 3907 1027 3961 Prooem.
1047 3909 1079 3960 20
1098 3913 1185 3959 trans-
