2684 4508
491 237 600 292 curua
616 239 634 293 ι.
653 240 670 306 ς
688 242 797 294 u-ra.
932 263 935 268 ·
1137 237 1177 300 55

109 418 139 478 15
156 415 276 477 historia
291 414 449 494 praedietis
463 413 571 487 minor,
586 415 626 475 ita
641 414 751 475 oratori
764 415 859 493 magis
872 415 984 488 similis,
998 423 1032 476 ut
1048 417 1107 496 qui,
1124 435 1178 478 an·

109 511 227 581 tequam
238 509 283 562 est
294 500 331 560 ad
341 500 399 560 hoc
412 518 488 579 opus
497 498 678 573 sollicitatus,
689 499 740 560 diu
752 498 842 560 luerit
852 508 961 560 orator.
992 500 1179 565 Philistus

110 605 229 667 quoque
243 594 385 658 meretur,
401 585 452 663 qui
463 583 567 646 turbae
579 584 710 664 quamvis
721 583 870 646 bonorum
882 593 950 664 post
961 601 1013 646 eos
1021 595 1178 649 auctorum

108 673 263 744 eximatur,
275 671 403 731 imitator
413 668 576 749 Thucydidi
588 677 618 730 et
629 677 662 730 ut
671 669 765 730 multo
776 668 932 744 infirmior,
944 671 983 733 ita
993 670 1179 755 aliquatenus
1224 676 1227 681 '

109 757 244 820 lucidior.
275 755 466 834 Ephorus,
488 763 522 815 ut
540 754 663 815 Isocrati
683 755 788 830 visum,
811 754 973 818 calcarihus
995 765 1070 835 eget.
1100 758 1179 819 Cli-

108 843 236 904 tarchi
251 840 395 920 probatur
408 840 571 918 ingenium,
588 839 661 901 tides
680 840 847 902 infamatur.
885 840 990 918 Longo
1004 851 1072 921 post
1086 844 1180 904 inter-
1202 851 1232 902 15

108 927 184 989 vallo
206 926 348 1005 temporis
369 934 455 986 natue
476 925 701 1005 Timagenes
720 922 767 985 vel
786 926 843 985 hoe
864 934 909 986 est
930 927 994 1006 ipso
1009 927 1180 1007 probabilis,

110 1014 190 1092 quod
206 1011 400 1072 intermissam
415 1009 551 1072 historias
565 1009 715 1071 scribendi
736 1008 910 1072 industriam
933 1030 1008 1072 nova
1030 1013 1116 1075 laude
1131 1029 1180 1075 re·

111 1097 230 1179 paravit.
270 1095 477 1174 Xenophon
502 1114 562 1155 non
593 1095 700 1155 excidit
722 1094 793 1154 mihi
815 1095 865 1155 sed
888 1095 967 1156 inter
988 1097 1181 1183 philosophos

113 1182 277 1244 reddendus
292 1190 345 1241 est.

194 1266 334 1344 Sequitur
345 1275 498 1326 oratorum
509 1264 616 1342 ingens
627 1280 742 1338 manus,
754 1274 787 1323 ut
798 1280 866 1323 cum
877 1263 980 1325 decem
991 1266 1079 1327 simul
1091 1268 1181 1329 Athe·
1202 1274 1233 1330 tt'

111 1416 153 1452 um
171 1400 220 1454 108
238 1416 263 1451 v.
282 1399 348 1463 Chr.¹
373 1397 474 1449 sehrieh
497 1396 542 1449 auf
559 1395 621 1446 Ver·
672 1396 731 1449 halb
756 1398 807 1450 viel
834 1399 952 1464 gestibant
982 1397 1034 1451 und
1062 1399 1113 1450 viel
1139 1415 1182 1466 ge·

110 1469 249 1534 anlassung
267 1467 352 1518 seines
369 1464 475 1517 hebrers
493 1463 620 1517 lsolarates
672 1464 801 1518 schmiht:
828 1467 881 1532 vgl.
904 1464 1039 1531 11,8,11;
1067 1480 1127 1517 eum
1151 1467 1183 1519 da

111 1539 142 1589 12
172 1531 276 1587 bucher¹
301 1526 453 1596 Ἑλληνικά,
484 1532 522 1584 als
552 1532 622 1584 1551-
672 1532 781 1601 Ephoro
798 1539 879 1615 atque
899 1532 1065 1601 Theopompo
1085 1538 1184 1586 51515-

109 1612 218 1668 setzunss
242 1602 288 1654 des
314 1599 481 1668 'l'hulrydides
509 1600 561 1652 und
588 1601 621 1654 511
672 1601 777 1654 timaret
791 1603 857 1667 (seul.
876 1602 1028 1667 Isocrates),
1049 1608 1082 1654 ut
1103 1603 1184 1654 alten·

109 1671 210 1723 Bdcber
224 1666 385 1733 Φιλιππικά,
403 1669 460 1720 5155
478 1668 621 1720 Universal·
672 1669 765 1736 frenis,
783 1671 864 1723 alteri
881 1673 1031 1723 5515551155
1048 1688 1114 1737 opus
1131 1688 1184 1722 aare

111 1738 273 1806 geschichte:
292 1737 367 1789 heide
379 1735 473 1789 Werhe
492 1736 547 1788 5151
565 1751 622 1788 ver·
673 1739 783 1799 (1155555
797 1739 921 1791 55511615.
932 1738 963 1792 15
976 1744 1040 1792 orat.
1052 1739 1090 1805 111,
1101 1743 1125 1804 9,
1135 1742 1182 1794 hd:

110 1809 184 1859 loren
201 1819 342 1871 gegangen.
673 1807 777 1858 (1155151
793 1807 923 1858 leocrates
939 1837 972 1846 -
989 1825 1017 1859 re
1035 1809 1185 1861 calearihue

145 1874 305 1940 praedietis,
330 1872 447 1925 daaselbe
464 1872 515 1924 wie
532 1878 621 1938 antea,
673 1878 702 1925 15
714 1876 833 1942 Ephoro,
851 1881 946 1927 contra
958 1875 1185 1929 55155515Τή55-

111 1958 195 2009 aupra
202 1943 288 1994 (115115.
300 1941 327 1993 15
334 1940 417 1993 dieser
423 1940 622 2006 abgeechwiich·
668 1958 767 2009 pompa
784 1941 871 2004 frenis
886 1947 930 1994 uh·
945 1945 1030 1996 solere
1052 1943 1104 1996 und
1121 1946 1185 1997 ihu·

112 2008 621 2075 155351551555155555511551551551
671 2011 724 2062 lich
742 2009 812 2062 Brut.
832 2014 873 2076 56,
891 2015 949 2064 104.

113 2077 200 2144 hiudg
211 2077 346 2138 15105151.
359 2092 413 2141 vor,
426 2093 448 2128 a.
457 2075 486 2128 B.
499 2076 527 2142 11,
540 2080 621 2138 1145
708 2078 867 2142 Clitarchus,
888 2094 934 2130 aus
952 2077 1066 2145 Megara,
1084 2078 1184 2132 eohrieb

110 2150 296 2214 paraenorum
309 2145 552 2213 maedicte‘elaeue.
581 2143 623 2206 111,
675 2145 731 2197 eine
742 2144 895 2198 Geschlchte
911 2146 955 2198 der
968 2146 1057 2198 Perser
1074 2147 1185 2200 555551

113 2217 137 2280 3,
155 2217 201 2268 66;
222 2213 355 2280 praeub'cti
375 2215 505 2276 numiuie,
528 2212 624 2264 seltner
674 2213 739 2265 nach
756 2213 853 2266 Xerxes
876 2213 928 2266 und
952 2215 1008 2266 eine
1032 2214 1185 2267 Geechichte

111 2284 137 2334 15
165 2282 210 2335 der
231 2283 317 2334 truher
342 2282 395 2333 ihm
421 2279 624 2332 ausschliesslich
673 2280 1019 2335 Alexandersuesurorseu
1038 2282 1116 2335 1511
1135 2282 1185 2334 Bu-

111 2349 315 2403 zahommenden
348 2343 543 2414 ‘voraussagen’
572 2348 622 2399 wie
675 2351 751 2402 chern
769 2350 810 2401 bie
832 2366 877 2403 aur
895 2349 1017 2403 Schlacht
1039 2349 1081 2403 bei
1098 2348 1184 2418 lusos:

112 2418 150 2482 111,
169 2421 192 2479 1,
213 2420 257 2469 19:
274 2417 414 2483 praedicta
428 2419 569 2482 5555515155.
673 2418 726 2484 agl.
749 2418 814 2470 uber
839 2419 884 2470 ihu
910 2418 956 2471 das
979 2417 1060 2470 Urteil
1083 2419 1185 2472 Ciceros

148 2485 186 2536 ad
203 2487 252 2534 hoe
270 2499 336 2550 opus
352 2484 526 2548 sullimatus,
544 2483 624 2535 115151
675 2485 745 2538 Brut.
765 2489 805 2550 tt,
818 2485 886 2538 1211.
906 2486 937 2544 15
955 2486 1022 2551 legg.
1044 2490 1066 2551 1,
1085 2489 1109 2540 1.

114 2553 186 2604 scine
198 2551 340 2618 Erhliruug
352 2552 431 2604 durch
443 2551 494 2604 Cic.
513 2552 544 2605 de
559 2555 623 2606 orat.
709 2556 750 2606 15.
780 2552 949 2618 timagenes,
974 2553 1185 2606 wahrscheinlieh

113 2621 141 2685 ll,
162 2623 200 2683 13,
220 2624 251 2673 51
261 2641 266 2672 :
285 2621 347 2670 Duo
363 2623 532 2686 praestantes
548 2624 624 2686 1555-
675 2636 721 2674 555
740 2619 839 2689 Syrien,
858 2623 899 2674 bei
918 2621 963 2674 der
977 2621 1117 2674 1115551555
1134 2637 1186 2675 ron

113 2691 168 2754 nio,
189 2689 371 2756 Theopompus
387 2693 415 2740 et
431 2688 569 2756 Ephorus,
590 2691 623 2741 ah
675 2688 827 2741 Alexandria
841 2694 872 2743 55
885 2705 909 2742 v.
922 2688 980 2741 Ghr.
998 2689 1124 2757 55155355
1160 2704 1187 2744 5-

113 2757 231 2808 Isocrate
251 2760 383 2823 magistra
406 2758 515 2824 impulsi
537 2774 565 2810 aa
588 2758 625 2808 ad
675 2773 793 2811 nommen
817 2758 870 2809 und
889 2758 955 2809 uach
972 2756 1037 2810 Rom
1055 2704 1187 2825 gebracht,

113 2827 253 2876 historiam
271 2827 449 2878 coutulerunt.
675 2825 771 2878 Shlave
784 2825 876 2889 Sullas,
895 2841 946 2878 von
964 2825 1112 2879 demeelben
1128 2828 1187 2880 trei-

148 2893 274 2944 Phih'etue
298 2909 344 2946 aus
368 2893 386 2946 S
407 2894 497 2959 mlius,
524 2893 567 2946 Zci
599 2907 625 2944 e·
675 2893 807 2959 gelassen,
834 2892 958 2960 grundete
984 2909 1012 2947 er
1038 2895 1094 2947 5155
1121 2892 1187 2948 11155-

115 2974 192 3011 55555
209 2960 253 3011 der
269 2960 362 3013 beiden
379 2910 532 3029 Iliouysius,
554 2961 624 3013 lebte
675 2961 852 3024 toreuschule,
881 2961 981 3014 Freund
1010 2962 1056 3015 155
1082 2963 1186 3016 Asinius

115 3026 624 3094 15551115511515515555581511553,
675 3028 768 3081 Pollio.
976 3050 979 3055 ·

116 3097 166 3148 356
178 3110 203 3145 v.
217 3093 274 3147 Chr.
290 3096 624 3161 151515511155516151.
710 3099 844 3161 historiae,
857 3097 920 3149 dher
929 3096 971 3150 die
980 3097 1186 3167 Bedeutungdes

115 3162 265 3230 Dionysius:
291 3158 416 3215 Φίλιστος
433 3161 549 3230 μιμητής
566 3163 624 3214 ἐστι
676 3165 991 3231 115551553155131.

115 3225 292 3284 annotatae:
303 3230 380 3284 5,(115.
391 3230 624 3295 155551.11,16,11.
709 3231 863 3300 Xenophon,
880 3248 901 3286 5.
920 3233 934 3300 1
953 3236 994 3288 81.

148 3303 273 3364 meretur,
292 3315 311 3350 5.
330 3314 361 3351 nu
379 3298 396 3366 ᾖ
414 3302 455 3351 tt.
710 3304 751 3354 16.
764 3307 796 3353 ut
804 3316 873 3366 eum,
884 3296 926 3353 ‘da
935 3295 971 3366 ja'
985 3302 1033 3353 mit
1044 3301 1102 3356 1551
1111 3298 1187 3367 11551.

149 3367 625 3436 quamuishonorumepitlateinisch.
677 3366 764 3436 bhullg
781 3369 822 3422 bei
841 3368 935 3433 Quint,
954 3384 976 3420 a.
985 3369 1014 3421 B.
1028 3368 1068 3435 Vl,
1079 3373 1102 3435 3,
1112 3371 1128 3422 t
1140 3371 1188 3436 (ri-

147 3437 327 3502 atiquatenus,
345 3435 399 3487 hier
416 3435 469 3487 551
485 3436 526 3500 xl,
542 3439 565 3498 3,
578 3439 625 3488 et:
676 3438 730 3502 555)
747 3452 839 3488 renam
849 3452 928 3505 caepe
938 3441 1121 3489 mendatorum
1132 3452 1187 3489 mo·

114 3504 285 3570 aliquatenus
302 3503 413 3555 liberius
429 3505 498 3556 belm
516 3503 627 3571 Kompa·
676 3509 765 3556 moute
794 3509 889 3568 uertit,
923 3509 960 3556 ut
994 3520 1062 3556 eum
1097 3506 1189 3557 5111555

114 3572 180 3623 rativ
198 3576 260 3625 statt
279 3571 324 3624 155
341 3571 459 3624 Ablutive
477 3574 627 3638 aliquanto,
675 3577 798 3638 iramque
822 3572 1037 3639 frequentissime
1066 3573 1188 3641 frangat.

115 3640 165 3690 wie
178 3640 256 3705 tange
268 3643 331 3693 statt
342 3640 427 3692 multo
445 3657 466 3695 s.
480 3640 627 3707 llinleitung
675 3641 772 3692 Frdher
789 3639 863 3693 daldr
881 3644 977 3709 quippe
1001 3657 1075 3707 cum,
1097 3645 1191 3710 utpote

133 3710 198 3759 .14.
677 3723 745 3760 eum.

115 3723 626 3844 ι)[151555555515551511551555115155
711 3774 810 3840 deceni,
834 3776 904 3828 nicht
926 3780 1039 3842 geneum
1061 3777 1119 3831 5151
1141 3777 1190 3831 151-

114 3858 156 3894 um
170 3845 220 3896 316
232 3859 256 3894 v.
270 3843 335 3908 Chr,
353 3844 398 3897 der
413 3847 481 3896 erate
494 3842 627 3897 Vertasser
677 3843 760 3911 gaude
777 3848 793 3894 5
812 3842 924 3896 lleduer:
946 3843 1086 3913 Antiphon,
1104 3844 1191 3899 1515·

115 3911 185 3962 einer
200 3909 482 3979 Universalgeachichte
501 3911 552 3964 551
570 3912 627 3966 des·
677 3911 760 3976 hides,
780 3911 863 3976 isius,
882 3911 1031 3981 bylaurgus,
1048 3912 1190 3966 Dinarchus
1285 3951 1288 3955 «
