2684 4508
474 233 582 320 carun
600 234 651 287 vn
668 234 685 302 a
705 236 812 288 13-16.
1134 228 1176 292 88

109 415 206 477 monis
220 420 392 474 contextum
406 411 536 473 mirabor
550 430 700 490 umquam,
716 428 804 489 quem
815 409 1001 490 iurgantibus
1010 411 1099 472 etiam
1111 424 1177 470 mn·

108 499 237 563 liercniis
245 499 376 559 videmus
387 498 569 577 superfluere
576 516 584 573 ;
597 515 665 558 cnm
674 515 710 557 eo
723 495 812 574 qnod,
824 495 849 557 si
861 495 941 556 calor
951 512 987 556 ac
997 497 1119 575 spiritns
1129 501 1177 555 tns

110 587 151 658 iit,
167 586 342 662 frequenter
357 582 471 657 accidit,
486 591 520 643 nt
531 600 700 644 successum
711 581 940 660 extemporalem
952 581 1095 659 consequi
1106 596 1178 641 enm
1202 582 1225 628 ’ἴ

110 690 171 732 non
187 669 289 749 possit.
319 669 412 730 Deum
427 677 499 728 tnnc
520 667 657 740 adfuisse,
679 685 748 728 cum
767 665 796 726 id
813 665 965 740 evenisset,
981 673 1096 727 veteres
1108 674 1177 726 ora·
1199 669 1228 721 lt

109 766 198 828 tores,
210 763 243 815 ut
255 753 358 815 Cicero
370 754 449 826 dicit,
462 752 587 813 aiebant.
613 752 670 813 Sed
682 751 756 812 ratio
768 750 921 812 manifesta
933 759 986 812 est.
1016 751 1089 811 Nam
1100 750 1178 812 hene

109 839 248 918 concepti
269 839 401 900 adiectus
420 848 450 899 et
471 847 607 899 recentes
628 854 729 899 rernm
750 836 893 915 imagines
907 835 1051 897 continno
1066 837 1178 916 impetu

110 927 259 999 feruntur,
275 943 349 1002 quae
372 938 596 1001 nonnumquam
618 940 702 982 mora
722 921 779 983 stili
802 921 1001 1000 refrigescunt
1022 929 1051 981 et
1074 921 1178 981 dilatae

111 1030 173 1071 non
189 1016 387 1071 revertuntur.
417 1008 525 1086 Utique
540 1026 619 1080 vero,
635 1024 703 1067 cum
717 1006 817 1067 infelix
831 1005 879 1066 ilia
890 1005 1049 1067 verborum
1064 1005 1178 1067 cavilla*
1215 1044 1226 1054 -

112 1096 153 1156 tio
169 1094 292 1156 accessit
306 1103 335 1155 et
350 1111 456 1154 cursus
470 1094 506 1154 ad
521 1091 637 1171 singula
652 1091 772 1168 vestigia
786 1091 903 1163 restitit,
920 1108 980 1151 non
996 1099 1094 1170 potest
1108 1090 1179 1152 terri

110 1190 247 1241 contorta
261 1179 313 1251 vis,
328 1180 388 1252 sed,
405 1187 438 1240 ut
452 1178 562 1256 optime
577 1195 682 1237 vocum
694 1174 877 1253 singularum
888 1174 972 1235 cedat
987 1175 1101 1248 electio,
1117 1192 1179 1236 non

111 1266 251 1327 continua
267 1265 318 1325 sed
334 1263 497 1341 composita
513 1270 566 1323 est.

196 1349 294 1421 Quare
316 1346 475 1428 capiendae
495 1356 566 1408 sunt
580 1345 644 1407 illae
665 1347 701 1406 de
717 1345 824 1423 qnibns
838 1345 896 1404 diri
913 1362 1013 1405 rerum
1029 1344 1180 1423 imagines,
1202 1347 1232 1399 tt

111 1453 185 1513 qnas
200 1434 297 1495 vocari
312 1435 501 1517 mansuetae
517 1431 718 1503 indicavimus,
734 1430 891 1508 omniaque
903 1430 939 1490 de
951 1428 1059 1508 quibus
1073 1429 1181 1490 dicturi

110 1521 222 1580 erimus
236 1536 392 1597 personae,
408 1517 604 1595 quaestiones,
620 1534 697 1597 spes,
713 1524 819 1588 metus,
835 1514 969 1575 habenda
984 1515 1015 1575 in
1032 1515 1134 1588 oculis,
1149 1515 1180 1574 in

112 1605 244 1664 adiectus
258 1601 437 1681 recipienda.
467 1603 573 1663 Pectus
588 1609 633 1663 est
649 1601 737 1673 enim,
759 1598 839 1679 qnod
855 1600 980 1661 disertos
996 1600 1074 1672 iacit,
1095 1608 1126 1660 et
1139 1600 1182 1660 vis

113 1688 231 1749 mentis.
260 1686 390 1765 Ideoque
405 1687 549 1768 imperitis
564 1704 692 1766 quoqne,
713 1687 737 1746 si
758 1685 845 1746 modo
861 1693 932 1746 sunt
952 1685 1050 1763 aliquo
1065 1685 1182 1746 adfectu

112 1773 263 1846 concitati,
285 1772 375 1833 verba
397 1792 458 1833 non
474 1773 591 1834 desunt.
621 1772 697 1832 'lium
720 1770 920 1831 intendendus
934 1770 1059 1844 animus,
1075 1788 1136 1831 non
1152 1770 1183 1830 in
1206 1774 1235 1824 16

113 1858 242 1936 aliquam
257 1875 320 1917 rem
335 1875 425 1919 unam
440 1859 490 1919 sed
506 1861 537 1919 in
553 1857 653 1937 plures
668 1856 754 1918 simui
770 1855 941 1930 continuas3
966 1865 1007 1929 nt,
1023 1856 1047 1916 si
1062 1872 1117 1934 per
1131 1856 1184 1916 eii·

116 1962 203 2022 qnam
225 1951 336 2003 rectam
357 1943 430 2004 viam
453 1942 604 2004 mittamus
626 1941 737 2013 oculos,
760 1941 848 2002 simul
863 1941 961 2001 omnia
976 1958 1052 2019 qnae
1067 1941 1183 2003 suntin
1206 1977 1228 1988 ›—

116 2047 148 2089 ea
165 2028 301 2106 circaque
316 2028 475 2100 intuemur,
499 2046 560 2088 non
583 2027 719 2087 ultimum
741 2032 856 2086 tantum
878 2025 1074 2086 videmussed
1090 2038 1184 2104 usqne

112 2114 149 2173 ad
162 2113 305 2174 ultimum.
335 2113 422 2174 Addit
433 2113 470 2173 ad
481 2110 639 2173 dicendum
651 2109 739 2171 etiam
751 2109 847 2189 pndor
859 2110 1002 2184 stimulos,
1018 2110 1185 2189 mirumque

112 2283 212 2347 passim
233 2281 430 2330 terrentteentnr
448 2294 555 2343 eosque,
578 2280 625 2344 qni
676 2279 752 2329 euius
768 2282 891 2328 nontam
906 2280 1045 2329 vibrarent
1062 2276 1188 2342 fulmine,
1217 2317 1227 2325 .

108 2349 173 2414 ptus
206 2349 317 2399 bonoria
348 2346 436 2397 itteris
464 2348 624 2410 tremescunt,
675 2348 730 2397 niet
751 2348 869 2396 numeria
893 2350 1015 2397 contorte
1041 2344 1188 2411 ferrentur,

115 2419 219 2480 ineptes
241 2419 267 2463 et
291 2413 397 2465 ieiunos
420 2419 447 2464 et
472 2414 574 2479 tepidos
600 2418 626 2463 et
677 2427 731 2464 was
750 2412 835 2473 Quint.
852 2411 894 2477 IX,
911 2418 936 2475 4,
954 2416 985 2466 55
1005 2413 1097 2466 citiert.

115 2483 245 2545 infimos,
262 2487 293 2532 ut
305 2482 427 2548 quodque
444 2485 552 2532 verbnm
565 2497 625 2533 een·
711 2472 1188 2546 contortaoie,‘scbwnngvcileKrtit'.

113 2551 357 2601 terneltore'csinmm
380 2552 510 2614 oeeerrtt,
537 2548 626 2616 appel·
712 2551 886 2600 eontinee-
898 2552 1052 2614 composite,
1069 2542 1134 2614 (ans
1149 2550 1188 2601 *ei-

114 2619 178 2670 tent.
677 2631 736 2670 nem
753 2613 823 2669 Guis’
836 2609 1068 2681 —-‘Sb“rckwerk't‚
1084 2617 1189 2669 kdnnen

151 2689 190 2740 13.
207 2685 326 2750 fortuiti,
343 2683 410 2737 ‘auis
429 2680 607 2738 Geratewohl’.
676 2685 762 2737 weder
780 2685 826 2737 ant
839 2687 881 2736 cie
892 2685 959 2737 noch
976 2685 1022 2737 ans
1037 2686 1128 2737 electio
1147 2686 1192 2738 be·

149 2758 314 2817 contectum,
331 2779 366 2801 ι-
380 2757 510 2806 continue
529 2756 626 2805 oratic.
676 2768 758 2820 regen
776 2753 893 2817 werden,
917 2753 1027 2806 scudem
1052 2768 1113 2806 man·
1130 2753 1190 2807 liest

150 2839 248 2874 manee
261 2823 340 2888 qnod,
352 2816 436 2876 ‘worn
448 2822 515 2874 noch
528 2822 627 2874 kommt
677 2822 807 2874 zwiechen
831 2820 880 2872 den
898 2821 985 2874 Zeilen
1009 2825 1112 2884 arctim
1137 2821 1190 2888 vql.

116 2885 189 2952 dass’,
206 2889 287 2942 findet
298 2890 354 2942 sich
365 2892 432 2942 noch
450 2891 566 2942 ewdmai
584 2889 627 2940 bei
679 2893 694 2954 p·
714 2891 754 2942 26.
777 2891 799 2952 1,
817 2890 858 2941 29.
963 2915 966 2918 >

116 2956 212 3019 Quint,
224 2957 365 3008 eusserdem
374 2958 417 3010 bei
427 2957 627 3010 Sebrittstellern
715 2958 745 3009 tc
772 2955 804 3007 de
816 2958 912 3021 quibus
920 2957 988 3018 diat,
1001 2954 1041 3020 Vi,
1054 2960 1078 3022 2,
1088 2959 1128 3010 29.
1140 2954 1190 3009 3οι

117 3024 182 3075 nach
194 3023 294 3085 Livium
313 3025 355 3076 bei
367 3024 454 3077 Gicerc
470 3042 517 3078 nnr
534 3026 561 3076 in
577 3025 628 3077 den
680 3024 751 3088 Quas
761 3028 912 3093 porrectae
924 3023 1131 3090 Greeee'eecant,
1142 3040 1190 3076 nor

116 3091 220 3143 Brieien
237 3091 270 3143 ad
286 3092 407 3144 Atticum.
678 3094 868 3143 :maenianae
879 3093 1047 3159 appellemus,
1061 3104 1112 3159 per
1124 3108 1191 3158 qnae

153 3160 221 3211 tulit.
239 3158 442 3212 DasPeriektum
454 3160 503 3212 wie
513 3159 628 3224 derqrie·
678 3163 810 3225 imagines
827 3176 918 3211 rerunt
930 3162 1080 3212 absentium
1093 3161 1132 3210 e'ta
1149 3174 1191 3210 re·

118 3228 221 3281 cbiscbe
252 3227 338 3279 Acrist
369 3227 411 3279 bei
444 3225 627 3279 wiederbolten
674 3233 884 3295 praesententur
901 3231 1005 3292 ααίααα,
1026 3233 1059 3278 et
1074 3242 1118 3278 ees
1136 3243 1193 3278 oer-

118 3295 299 3362 Handlungem
324 3295 419 3348 eberiso
437 3296 453 3360 ξ
469 3298 501 3348 14
518 3297 629 3346 cremet
678 3312 743 3348 nere
765 3297 850 3348 oculte
871 3311 903 3345 αα
919 3299 1074 3361 praesentes
1095 3297 1192 3357 Ιιαὸανα

118 3393 152 3404 -
169 3367 277 3418 restitit.
297 3365 321 3430 3,
339 3367 354 3417 6
372 3361 492 3424 refrixit.
680 3366 826 3428 videamur,
847 3365 896 3414 bas
913 3367 1032 3430 quisquis
1050 3366 1113 3414 bene
1130 3379 1192 3415 eon-

154 3437 193 3486 14.
210 3437 243 3484 et
261 3432 352 3484 Oteere
374 3432 448 3484 dicit.
482 3430 552 3484 nerse
574 3430 629 3483 sich
680 3435 794 3499 ceperit,
819 3433 843 3481 ie
866 3433 920 3482 erit
935 3435 963 3482 tn
981 3431 1130 3493 adfectibus
1142 3446 1193 3497 po·

118 3500 188 3553 nicht
206 3501 377 3553 nacbweisen.
680 3502 848 3552 eumenus.

152 3572 389 3633 rernmimagtnea,
404 3560 628 3632 ‘Vorstellungenfi
713 3569 807 3619 Pectus
824 3595 858 3605 -
874 3570 982 3633 neentis,
1003 3568 1044 3620 ein
1061 3567 1193 3636 Hyperba-

152 3633 628 3702 refugerunt—revertenteraql.
681 3640 734 3687 ton.

118 3706 143 3768 3,
162 3706 185 3755 6.
204 3706 245 3756 33.
719 3706 757 3757 16.
777 3704 909 3769 ceraeque.
940 3701 1044 3754 Hierurit
1059 3702 1128 3755 kann
1145 3718 1194 3756 nur

152 3769 223 3832 serre·
239 3801 272 3809 -
288 3775 336 3823 eie.
371 3769 421 3822 Das
439 3768 497 3822 Bild
519 3769 554 3821 iet
574 3769 631 3822 ber-
682 3771 728 3823 dae
749 3771 864 3838 gemeint
881 3771 950 3836 sein,
974 3785 1027 3822 was
1050 3784 1083 3822 eu
1100 3771 1194 3824 beiden

119 3853 340 3904 genommenvom
351 3837 515 3904 Scblendern‚
527 3837 630 3890 {belich
683 3838 770 3892 Seiten
788 3839 834 3891 der
851 3837 947 3891 scmtse
965 3837 1019 3891 sicb
1036 3835 1159 3893 bebndet.

120 3907 207 3960 Cicero
221 3905 289 3959 Orat.
303 3910 343 3973 70,
354 3909 417 3961 234:
435 3906 630 3973 Dernoatbenea,
715 3907 804 3975 pudor
820 3899 987 3974 ‘Ebrgesdbl’.

955 3990 987 4045 6*
