2684 4508
391 243 498 296 cneus
516 243 556 298 vr.
575 245 594 312 q
611 249 684 298 s-r.
720 244 771 297 vu.
789 245 805 312 ς
826 248 847 299 ι.
1116 241 1156 302 ta

84 440 141 501 que
164 421 243 482 enim
265 430 380 482 tantum
401 418 512 480 hahent
533 437 630 491 curae,
652 427 686 479 ut
707 438 773 480 non.
792 420 829 480 sit
844 418 959 480 dandus
973 429 1003 480 et
1017 421 1155 482 fortunae

83 508 175 579 locus,
193 524 262 568 cum
277 523 364 584 saepe
380 505 465 564 etiam
481 504 599 585 scriptis
620 523 663 577 ea,
685 521 761 582 quae
776 504 875 565 subito
891 513 959 565 nata
974 514 1053 578 sunt,
1075 506 1155 568 inse·

82 603 195 653 rantur.
225 592 354 669 Ideoque
369 597 464 650 totum
480 589 536 650 hoc
548 589 766 650 exercitationis
779 607 875 668 genus
890 590 930 651 ita
940 590 1156 652 instituendum

82 686 136 750 est,
152 686 185 738 ut
200 686 229 737 ct
244 676 356 756 digredi
372 694 408 735 ex
423 693 457 735 eo
473 683 503 734 et
517 674 633 753 regredi
654 674 684 734 in
701 673 728 734 id
745 675 830 734 lacile
846 675 1004 754 possimus.
1035 676 1107 736 Nam
1122 684 1155 736 ut
1176 683 1192 733 t

82 765 210 843 primurn
227 771 272 823 est
286 763 373 821 domo
389 761 503 820 adferre
525 766 653 838 paratam
670 758 786 820 dicendi
803 760 918 839 copiam
935 769 964 820 et
978 769 1099 834 certam,
1115 761 1154 822 ita

81 851 211 910 refutare
232 847 375 925 temporis
393 862 517 905 munera
538 844 627 923 longe
648 844 853 906 stultissimum
875 853 929 906 est.
959 845 1057 916 Quare
1073 847 1154 925 cogi-

82 934 152 995 tatio
169 934 199 994 in
214 934 273 994 hoc
288 937 489 1012 praeparetur,
505 939 538 989 ut
553 948 608 990 nos
619 930 741 990 fortuna
752 930 890 1009 decipere
906 950 967 991 non
983 932 1087 1010 possit,
1103 931 1154 992 ad-

82 1021 181 1080 iuvare
196 1017 296 1098 possit.
325 1016 357 1077 ld
372 1023 470 1076 autom
486 1016 537 1074 fiet
551 1014 711 1074 memoriae
722 1013 844 1088 viribus,
860 1023 893 1075 ut
907 1016 964 1088 illa,
981 1035 1056 1094 quae
1072 1035 1153 1077 com-

82 1104 160 1184 plexi
176 1105 274 1165 animo
289 1120 401 1174 sumus,
418 1101 511 1160 fluant
526 1117 645 1171 secura;
668 1117 740 1170 non,
759 1100 900 1160 sollicitos
915 1109 944 1161 et
959 1103 1153 1181 respicientes

82 1198 111 1249 et
126 1208 184 1249 una
200 1207 252 1267 spe
268 1205 429 1266 suspensos
450 1183 665 1252 recordationis
685 1202 746 1243 non
763 1184 863 1246 sinant
878 1185 1043 1264 providere.
1074 1187 1153 1248 dlic-

82 1275 132 1352 qui
147 1274 192 1334 rel
206 1271 435 1350 extemporalem
450 1269 645 1330 temeritatem
660 1269 737 1328 malo
752 1287 841 1346 quam
856 1269 930 1330 male
945 1270 1152 1332 cohaerentem

82 1359 300 1438 cogitationem.
330 1356 418 1416 Peius
429 1353 509 1414 enim
521 1353 673 1432 quaeritur
683 1360 841 1426 retrorsus,
858 1355 935 1432 quia,
951 1355 1022 1415 dum
1037 1356 1085 1416 illa
1101 1357 1151 1417 de·
1174 1365 1189 1414 t

80 1444 253 1516 sideramus,
269 1441 305 1501 ab
321 1440 384 1501 aliis
399 1439 567 1512 avertimur,
589 1447 619 1498 ct
641 1457 676 1498 ex
691 1440 832 1499 memoria
847 1440 947 1518 potius
961 1459 1010 1502 res
1025 1442 1152 1521 petimus

81 1547 168 1608 quum
180 1547 216 1589 ex
228 1526 359 1588 materia.
386 1524 472 1584 Plura
486 1533 556 1585 sunt
567 1532 675 1596 autem,
687 1524 711 1584 si
723 1524 872 1602 utrimque
885 1527 1088 1604 quaerendum
1099 1534 1152 1605 est,

81 1632 157 1691 quae
172 1611 298 1672 inveniri
314 1618 441 1689 possunt
455 1627 542 1688 quum
559 1627 634 1687 quae
649 1608 768 1669 inventa
783 1618 862 1670 sunt.

516 1963 626 2038 Curur
654 1964 719 2035 Vll.

142 2091 474 2187 QUEMADMODUM
507 2096 838 2173 EXTEMPORALIS
864 2099 1091 2174 Fremitus

299 2218 501 2291 PARETUR
529 2218 585 2291 ΕΤ
613 2216 928 2294 CONTINEATUR.

163 2390 307 2450 Maximus
326 2406 396 2449 vero
419 2388 584 2449 studiorum
612 2390 727 2450 fructus
750 2398 802 2461 est,
829 2398 859 2448 et
884 2388 963 2449 velut
988 2389 1151 2468 praemium
1174 2401 1186 2451 t

79 2475 225 2553 quoddam
248 2473 459 2551 amplissimum
478 2473 560 2552 longi
580 2473 699 2545 laboris,
722 2493 759 2534 ex
775 2483 909 2551 tempore
924 2473 1041 2534 dicendi
1057 2475 1148 2535 iacul-

78 2569 136 2634 tas;
151 2577 239 2637 quam
256 2558 305 2638 qui
322 2558 456 2619 nouerit
477 2566 663 2631 consecutus,
684 2577 748 2620 mea
765 2557 884 2637 quidem
899 2558 1046 2619 sententia
1060 2558 1150 2619 civili-

78 2645 134 2706 bus
154 2644 259 2705 officiis
281 2644 464 2705 renuntiabit
485 2652 514 2705 et
534 2643 626 2705 solam
647 2643 796 2704 scribendi
818 2643 984 2705 facultatem
1000 2644 1099 2723 potius
1113 2646 1149 2705 ad

77 2731 132 2792 alia
144 2749 236 2810 opera
248 2739 409 2792 convertet.
440 2729 494 2792 Vix
506 2729 585 2791 enim
597 2729 694 2791 honae
705 2730 772 2791 fidei
783 2729 846 2790 viro
859 2729 998 2790 convenit
1009 2730 1148 2790 auxilium

77 2817 108 2875 in
123 2816 276 2894 publicum
292 2816 434 2893 polliceri,
456 2815 534 2894 quod
557 2814 805 2894 praesentissimis
827 2813 993 2892 quibusque
1009 2815 1149 2894 periculis

78 2898 168 2972 desit;
185 2900 297 2959 intrare
313 2909 442 2978 portum,
458 2901 494 2961 ad
510 2916 599 2977 quem
612 2900 693 2959 navis
705 2901 845 2960 accedere
858 2898 914 2959 nisi
925 2899 1042 2961 lenibus
1054 2901 1148 2962 ventis

77 3023 152 3092 nnr',
176 3028 266 3080 nihert
288 3031 342 3081 sich
367 3031 411 3082 der
435 3031 587 3099 Bedeutuug
638 3029 815 3097 bergenenden
841 3031 872 3081 id
893 3031 940 3093 fiet
960 3037 992 3082 ut
1008 3062 1041 3073 -
1058 3049 1150 3101 sumus

77 3112 128 3150 von
146 3101 259 3147 tontum.
638 3115 667 3152 zu
687 3098 868 3150 wiederholen.

111 3168 217 3215 tantrtm
235 3179 317 3214 mirac
328 3165 434 3228 tutent,
452 3158 489 3219 ‘es
507 3168 540 3218 ist
557 3182 587 3220 ac
672 3171 696 3218 l.
713 3171 863 3231 retrorsus,
885 3167 964 3219 ditem
987 3168 1027 3219 bei
1053 3166 1148 3232 Quint,

77 3231 128 3283 viel
147 3230 228 3298 Surge
246 3231 338 3283 darauf
352 3227 518 3286 verwendet‘.
638 3234 717 3287 durch
742 3235 783 3286 die
806 3235 909 3287 Dichter
931 3236 958 3285 in
982 3234 1023 3286 die
1047 3235 1148 3301 spitere

111 3302 134 3352 6.
145 3301 221 3351 domo
234 3298 351 3363 adferre,
361 3292 423 3351 ‘von
435 3300 518 3355 llause
530 3303 588 3354 mit
639 3301 716 3355 Prosa
733 3304 939 3369 ubergegangeu.

76 3363 200 3433 hringen'‚
219 3368 276 3420 eine
291 3369 325 3418 im
339 3366 443 3421 Gcbietc
456 3369 501 3421 der
512 3371 588 3437 prek-
671 3372 729 3436 illu,
747 3371 858 3422 namlich
877 3373 1003 3435 cogitata.

77 3436 175 3488 tiscten
189 3435 380 3488 Beredsamlteit
396 3436 524 3505 getaufige
537 3438 586 3491 Re·
669 3443 819 3504 utrt'mquc,
837 3438 947 3490 nimtich
965 3455 1000 3488 ccc
1017 3441 1147 3490 memoria

76 3504 191 3565 densam
211 3505 264 3571 vgl.
277 3508 301 3567 t,
315 3507 355 3556 30.
636 3508 688 3559 und
706 3524 741 3558 ecc
757 3509 881 3568 cauteria,
899 3507 950 3572 rgl.
972 3511 993 3571 t,
1015 3510 1070 3561 131.

109 3572 240 3636 resistcre,
250 3573 289 3623 iirr
297 3573 441 3638 repudiare
450 3572 583 3633 beiQuint.
673 3577 743 3626 1.ιή
760 3576 913 3640 publicum,
931 3569 998 3627 ‘zum
1017 3575 1146 3641 allgemei-

75 3656 122 3692 nur
149 3655 181 3691 an
208 3640 291 3698 dieser
315 3640 410 3706 Stelle,
437 3641 516 3694 olters
543 3643 584 3695 bei
637 3657 686 3693 nen
698 3637 823 3706 Nutzen',
842 3642 884 3694 bei
893 3643 981 3694 Cicero
993 3642 1025 3694 de
1033 3644 1085 3695 inv.
1096 3645 1145 3706 1,3

76 3707 172 3772 Cicero,
190 3723 234 3773 gar
251 3709 322 3761 nicht
341 3708 382 3760 bei
400 3709 483 3762 Gdsar.
634 3713 665 3760 in
683 3725 828 3772 commotae,
850 3725 905 3762 was
922 3711 948 3762 in
966 3711 1011 3763 der
1028 3712 1146 3778 spiteren

108 3792 163 3828 nort
179 3805 215 3812 —
231 3781 328 3843 cinam,
347 3777 388 3829 ein
407 3777 446 3830 bis
461 3793 506 3830 zur
518 3777 585 3829 linn-
636 3778 692 3830 Zeit
709 3777 825 3831 danebcn
843 3779 877 3830 iru
896 3778 1043 3831 Gebrauche
1061 3780 1102 3831 ist

75 3843 172 3902 kellreit
199 3844 351 3912 gedringter
377 3846 524 3906 Ausdruck;
552 3862 584 3900 zu
633 3881 636 3884 -
669 3849 773 3898 intrare
790 3875 823 3886 -
838 3849 931 3913 possit.
970 3846 1021 3900 llas
1046 3847 1146 3900 Gleich-

75 3912 131 3964 dem
150 3917 235 3964 ersten
253 3928 307 3964 con
329 3915 364 3966 ist
381 3929 426 3966 aus
444 3914 502 3967 dem
520 3914 585 3966 Vor·
636 3914 675 3967 nis
693 3915 728 3967 ist
745 3914 792 3966 mit
809 3915 853 3967 der
868 3915 910 3967 bei
922 3915 1007 3976 Quint.
1025 3915 1145 3982 liudgeri
