2684 4508
476 243 582 298 CAPUT
601 245 651 298 Vll.
669 247 685 310 ἃ
703 247 812 299 21-26.
1134 235 1173 297 85

103 421 211 482 eruditi
227 421 337 493 volunt,
352 420 434 482 stulti
450 420 571 482 eruditis
583 421 728 482 videntur.
759 419 790 480 Si
803 436 860 498 qua
872 429 970 480 tamen
983 421 1101 480 fortuna
1116 425 1176 479 tam
1198 425 1228 476 22

105 507 233 569 subitam
248 505 351 566 fecerit
366 506 472 585 agendi
487 506 711 567 necessitatem:
727 503 882 565 mobiliore
894 505 1021 583 quodam
1033 522 1109 584 opus
1120 503 1177 565 erit

105 591 236 671 ingenio,
252 601 282 650 et
295 590 338 651 vis
354 590 451 651 omnis
472 589 652 651 intendenda
667 590 766 664 rebus,
782 597 812 649 et
832 589 863 650 in
885 589 1053 668 praesentia
1075 589 1176 650 remit·

104 677 227 738 tendum
248 674 357 754 aliquid
379 694 415 736 ex
437 693 507 736 cura
527 675 692 747 verborum,
721 674 746 735 si
767 673 910 753 consequi
933 683 1092 752 utrumque
1114 693 1175 734 non

104 762 231 823 dabitur.
262 760 338 822 Tum
359 770 389 821 et
410 759 520 820 tardior
541 759 744 838 pronuntiatio
766 778 865 820 moras
886 758 975 819 babet
990 768 1019 820 et
1033 776 1176 838 suspensa

105 866 139 909 ac
155 846 234 908 velut
249 845 387 906 dubitans
402 845 504 918 oratio,
522 855 553 906 ut
568 855 665 906 umen
682 844 845 906 deliberare
861 863 922 905 non
936 844 1080 906 haesitare
1096 845 1176 904 vide·

106 950 199 993 amur.
229 930 304 1005 Hoc,
319 931 388 990 dum
404 930 573 1009 egredimur
588 949 604 991 e
620 940 719 1010 portu,
735 929 760 991 si
776 949 831 990 nos
842 931 976 990 nondum
988 929 1093 1008 aptatis
1107 929 1177 991 satis
1198 938 1228 988 23

106 1017 295 1077 armamentis
310 1025 376 1094 aget
389 1024 511 1090 ventus;
528 1015 634 1076 deinde
645 1014 785 1094 paulatim
797 1014 884 1074 simul
896 1025 1000 1075 euntes
1010 1014 1176 1095 aptabimus

107 1103 170 1162 vela
185 1110 215 1161 et
230 1101 421 1180 disponemus
436 1099 578 1161 rudentes
593 1109 623 1159 et
637 1098 754 1179 impleri
769 1098 853 1159 sinus
868 1099 1044 1178 optabimus.
1074 1100 1106 1159 ld
1121 1118 1175 1178 po·

105 1187 173 1259 tius,
194 1205 281 1264 quam
296 1204 328 1246 se
342 1185 425 1245 inani
439 1183 599 1245 verborum
613 1183 739 1244 torrenti
760 1183 829 1243 dare
845 1184 928 1262 quasi
942 1184 1175 1262 tempestatibus,

107 1290 166 1349 quo
181 1271 289 1344 volent,
304 1270 508 1332 auferendum.

189 1355 247 1416 Sed
262 1374 324 1416 non
339 1355 457 1414 minore
470 1355 568 1415 studio
582 1352 756 1414 continetur
770 1353 841 1413 haec
857 1353 980 1415 facultas
991 1373 1078 1432 quam
1094 1373 1178 1434 para·
1200 1361 1230 1413 24

105 1451 161 1502 tur.
190 1443 247 1502 Ars
262 1440 343 1500 enim
358 1439 448 1500 semei
463 1448 603 1518 percepta
625 1456 685 1499 non
703 1438 827 1518 capitur,
849 1438 933 1499 stilus
948 1457 1067 1517 quoque
1082 1440 1176 1500 inter·

104 1525 246 1587 missione
258 1524 379 1604 paulum
391 1523 550 1585 admodum
561 1524 597 1585 de
609 1524 758 1584 celeritate
770 1523 918 1602 deperdit3
934 1534 1104 1604 promptum
1119 1525 1177 1584 hoc

106 1620 136 1670 et
149 1610 181 1669 in
198 1609 334 1688 expedito
350 1609 480 1688 positum
495 1608 704 1669 exercitatione
716 1608 777 1670 sola
790 1609 969 1670 continetur.
1001 1609 1062 1671 flac
1077 1610 1119 1670 uti
1134 1610 1176 1670 sic

106 1694 252 1773 optimum
266 1702 320 1765 est,
343 1703 377 1754 ut
397 1694 504 1755 cotidie
526 1694 657 1755 dicamus
681 1692 869 1755 audientibus
890 1693 1035 1773 pluribus,
1051 1696 1176 1756 maxime

104 1779 141 1840 de
154 1797 281 1858 quorum
294 1779 386 1840 simus
398 1778 504 1840 iudicio
517 1788 605 1858 atque
616 1778 759 1858 opinione
770 1778 903 1854 solliciti3
919 1797 1018 1840 rarum
1032 1789 1076 1842 est
1087 1778 1176 1851 enim,

106 1874 143 1934 ut
153 1864 222 1926 satis
238 1882 269 1925 se
282 1864 406 1942 quisque
417 1872 561 1925 vereatur.
592 1863 642 1924 Vel
654 1864 708 1925 soli
723 1873 821 1924 tamen
834 1864 965 1925 dicamus
975 1865 1073 1944 potius
1088 1883 1177 1944 quam

106 1949 229 2010 omnino
245 1968 305 2010 non
327 1948 466 2010 dicamus.
497 1949 549 2011 Est
571 1958 601 2009 et
622 1949 668 2009 ilia
684 1948 853 2009 exercitatio
875 1949 1022 2028 cogitandi
1045 1959 1179 2028 totasque
1200 1959 1230 2009 25

106 2034 243 2096 materias
257 2033 302 2095 vel
316 2033 434 2096 silentio
451 2034 533 2111 (dum
548 2042 646 2094 tamen
664 2032 746 2111 quasi
759 2032 836 2094 dicat
847 2033 925 2094 intra
937 2053 969 2095 se
984 2035 1092 2113 ipsum)
1108 2053 1177 2113 per-

105 2118 258 2197 sequendi,
275 2137 349 2197 quae
366 2119 448 2181 nullo
471 2138 532 2180 non
556 2127 586 2178 et
599 2126 734 2196 tempore
750 2125 779 2178 et
793 2116 868 2193 loco,
885 2119 1005 2196 quando
1021 2138 1082 2179 non
1097 2119 1176 2196 aliud

105 2203 226 2283 agimus
243 2204 383 2285 explicari
393 2213 492 2284 potest
503 2213 533 2265 et
544 2211 589 2264 est
599 2202 630 2264 in
643 2211 727 2282 parte
739 2202 839 2264 utilior
851 2221 937 2281 quam
950 2204 1022 2265 haec
1034 2204 1176 2284 proxima.

140 2357 180 2405 22.
198 2369 288 2403 morae
305 2355 389 2416 babet,
406 2347 544 2418 ‘gewibrt
563 2368 618 2405 ver·
669 2351 968 2415 Pronomens‚dientzur
977 2352 1179 2420 Umscbreibnng

103 2420 210 2472 ursacbt
227 2420 267 2471 ein
285 2414 451 2472 lunebalten'.
667 2420 1177 2486 einesabstraktenSubstantivums,vgl.

139 2503 273 2554 mspmua,
289 2482 452 2555 ‘bedicbtig'.
667 2488 728 2540 Tac.
737 2489 802 2540 Ann.
812 2488 850 2551 111,
860 2492 904 2542 tu:
918 2489 1010 2554 Cupito
1022 2492 1180 2554 insignitior

140 2558 181 2609 23.
205 2555 268 2607 Hoc.
303 2555 339 2607 lm
363 2555 506 2609 Dentscben
533 2557 617 2609 baben
667 2555 784 2618 iufamia
806 2555 874 2621 seit,
901 2557 973 2623 quod
989 2585 1023 2597 -
1040 2560 1179 2623 egregium

106 2624 154 2675 wir
172 2622 285 2675 dieselbe
303 2622 393 2687 Kirna,
412 2625 463 2690 egl.
483 2624 523 2687 vl,
541 2629 565 2690 4,
585 2629 616 2679 10
664 2625 803 2691 publicum
821 2629 847 2674 et
858 2627 940 2676 bonos
957 2626 1030 2677 ‹tomi
1048 2630 1119 2676 ortes
1137 2626 1180 2675 de-

105 2693 169 2758 Hor,
179 2691 242 2743 dum
252 2692 317 2744 ordo
325 2693 544 2759 eetetpudoffl,
554 2697 575 2759 1,
584 2696 616 2746 76
668 2695 865 2745 bonestaoimt.

104 2761 160 2812 Hor
177 2765 204 2810 et
221 2761 295 2825 apud
310 2776 361 2812 eos.
702 2777 796 2812 rurum
819 2765 859 2812 oet
875 2789 908 2798 -
926 2765 968 2826 ut,
991 2761 1042 2827 vgl.
1066 2760 1180 2813 Ellendt·

139 2832 255 2879 torrentt
274 2856 309 2866 —
326 2833 535 2895 tempestatibus,
559 2830 616 2881 eine
669 2827 793 2896 Seyfferts
810 2829 919 2881 Gramm.
937 2832 953 2892 ξ
970 2832 1018 2882 290
1035 2830 1109 2882 Anm.
1128 2831 1152 2883 3.

105 2895 164 2946 sebr
179 2895 265 2946 kdhne
276 2896 513 2962 Ausdrncksweise‚
531 2896 616 2957 Quint
703 2901 742 2949 25.
761 2897 810 2946 Eat
826 2901 853 2947 et
863 2897 920 2961 eiu,
938 2897 1040 2949 ihnlieb
1055 2897 1104 2949 wie
1116 2913 1137 2949 z.
1151 2896 1179 2949 B.

105 2960 180 3012 beuti
196 2962 252 3012 bier
268 2961 326 3014 Bild
344 2964 389 3014 aui
406 2964 471 3017 Bild.
667 2962 709 3028 IX,
732 2968 756 3027 3,
774 2967 819 3016 35:
844 2969 884 3014 eet
906 2970 932 3015 et
953 2965 1024 3017 iliud
1042 2965 1181 3031 repetendi

140 3031 181 3081 24.
197 3031 311 3093 cupitur.
337 3030 425 3082 Dieser
436 3031 571 3083 Ausdruck
582 3033 617 3084 ist
665 3047 752 3096 genus
774 3033 846 3096 quod
861 3027 971 3084 ‘bierber
989 3034 1079 3099 gebdrt
1096 3027 1181 3085 noch'.

107 3097 177 3149 nieht
191 3096 258 3148 obne
269 3096 383 3160 Anamis,
401 3099 496 3151 ebenso
509 3103 617 3166 rapitra-
702 3100 766 3150 duan
783 3128 817 3137 -
833 3103 929 3166 ipsum,
947 3101 1046 3153 entbilt
1063 3101 1120 3152 eine
1136 3101 1179 3152 be·

106 3165 158 3217 und
171 3165 280 3226 labitur,
295 3164 345 3216 wie
363 3180 421 3217 man
439 3165 513 3217 daidr
524 3166 618 3219 sobrei-
669 3167 993 3234 sebrinkendeErklirung
1004 3168 1179 3220 constitutio.

105 3232 155 3284 beu
182 3231 244 3284 will.
280 3232 346 3298 Capi
369 3232 446 3285 beisst
470 3234 515 3286 des
537 3233 617 3286 freien
703 3236 789 3300 dieat,
815 3237 862 3288 mit
883 3235 1091 3288 nnbestimmtem
1114 3234 1180 3286 Sub-

106 3299 618 3368 Gebrauchsberaubtwerden,gewobn·
665 3303 748 3369 jebu,
766 3305 818 3370 vgt.
836 3321 867 3356 zu
885 3303 902 3366 1,
921 3306 944 3355 t.

105 3369 156 3422 liob
181 3370 227 3420 mit
251 3369 308 3426 dem
331 3369 437 3421 Ablatir
460 3370 522 3422 oder
547 3371 618 3423 einer
702 3375 834 3436 inparue,
852 3371 904 3436 vgl.
922 3387 953 3424 zu
974 3375 996 3434 l,
1015 3373 1055 3426 88.

105 3436 280 3505 Priposition,
314 3430 445 3503 ‘gelibmt’
475 3438 537 3491 oder
563 3433 617 3506 ‘ge-
700 3444 835 3505 proxima.
870 3439 903 3490 Es
926 3439 1031 3492 bandelt
1055 3438 1109 3491 sich
1136 3456 1179 3492 um

107 3505 238 3558 schwicbt
249 3501 360 3558 werden’
371 3521 393 3558 z.
403 3505 432 3557 Β.
442 3507 526 3558 altero
541 3508 617 3559 oculo
669 3509 774 3559 tritten
787 3506 831 3558 dea
843 3506 1076 3574 Extemporierens:
1098 3511 1119 3560 1.
1132 3525 1180 3559 ou-

107 3576 174 3636 capi.
209 3572 299 3627 Neben
315 3579 401 3625 mente
420 3574 566 3640 eaptusbei
580 3574 618 3626 Li·
669 3576 804 3625 clientibus
829 3576 953 3640 pluribus
985 3580 1103 3627 ueaoeimc
1131 3581 1179 3629 cot.

107 3639 165 3691 vius
182 3656 254 3692 mena
271 3647 356 3708 capta.
669 3645 693 3693 2.
712 3643 754 3693 uel
768 3642 874 3694 3ἰὶεηίἰο
887 3672 920 3682 -
931 3645 1119 3710 persequenti&
1137 3645 1178 3697 die

136 3712 472 3776 promptum—positum.
501 3708 552 3762 Das
567 3708 618 3761 Ad·
670 3715 693 3762 3.
701 3709 1180 3765 dienicbtweiterinBetrachtkommt

103 3773 232 3839 jektivum
255 3778 347 3836 (seiten
366 3778 411 3830 das
429 3778 474 3830 der
491 3781 514 3832 3.
533 3776 618 3830 Deldi·
670 3780 711 3829 oet
721 3779 773 3829 rote·
785 3778 905 3830 dicamur
913 3781 947 3831 ist
959 3780 1178 3847 gewissermafsen

108 3842 205 3906 nation)
215 3843 266 3895 und
274 3845 320 3898 das
331 3848 434 3912 passive
443 3845 617 3915 Partieipium,
669 3847 695 3898 in
714 3845 869 3899 Parenthese
886 3863 933 3900 nur
951 3847 996 3900 des
1009 3849 1179 3915 Gegensatzes

106 3910 162 3963 bier
185 3912 251 3963 noch
274 3913 321 3965 mit
343 3913 524 3982 Hinzuidgung
547 3915 617 3967 eines
670 3929 760 3982 wegen
791 3915 963 3982 binzugeiirgt.
1008 3915 1054 3969 Die
1083 3921 1180 3983 erstge·
