2684 4508
485 250 592 303 curun
610 251 660 304 uu.
678 252 694 316 s
712 251 821 304 ns-si.
1144 243 1185 308 87

117 441 181 506 tur;
198 430 274 490 sicut
288 428 391 490 rustici
406 427 555 508 proximas
568 426 635 488 ritis
656 426 768 488 radices
788 434 951 505 amputant,
971 444 1044 504 quae
1059 426 1137 487 illam
1153 425 1184 485 in

117 533 263 577 summum
284 515 381 574 solum
402 514 525 587 ducunt,
545 519 580 573 'ut
601 511 758 572 inferiores
778 512 897 590 penitus
912 511 1118 572 descendendo
1133 512 1185 570 ilr-

116 609 244 661 mentur.
273 601 314 660 Ac
337 599 437 659 nescio
453 617 499 669 an,
522 597 546 658 si
563 605 721 675 utrumque
742 615 809 657 cum
830 614 902 658 cura
924 605 953 656 ct
968 596 1064 657 studio
1080 595 1184 656 leceri-
1207 607 1236 658 ie

116 705 191 758 mus,
214 684 339 745 invicem
361 683 463 763 prosit,
486 691 519 743 ut
538 681 695 743 scribendo
718 681 847 743 dicamus
862 681 1041 760 diligentius,
1058 680 1183 743 dicendo

116 770 279 832 scribamus
295 768 415 830 facilius.
445 766 644 828 Scribendum
660 784 741 845 ergo,
757 766 895 844 quotiens
907 765 1021 841 licebit;
1037 767 1060 827 si
1075 766 1106 826 id
1121 784 1183 826 non

116 855 243 928 dabitur,
264 855 468 932 cogitandum3
492 851 529 912 ab
550 859 678 930 utroque
700 852 810 913 exclusi
833 851 942 912 debent
961 859 1060 912 tamen
1075 851 1105 910 id
1120 852 1184 911 elti-

117 959 194 1013 cere,
208 948 240 1001 ut
256 959 354 1018 neque
368 939 571 1018 deprehensus
587 945 687 997 orator
698 955 796 1015 neque
808 937 937 1015 litigator
948 936 1104 997 destitutus
1120 953 1184 997 esse

115 1025 377 1188 inoffi-rumque
399 1116 496 1169 autem
517 1106 608 1167 multa
629 1105 784 1184 agentibus
805 1105 918 1180 accidit,
940 1114 973 1166 ut
989 1106 1114 1167 manime
1130 1124 1184 1166 ne·
1204 1116 1233 1167 30

118 1196 240 1256 cessaria
255 1203 284 1255 ct
299 1195 401 1272 utique
416 1193 499 1252 initia
514 1190 654 1266 scribant,
672 1199 769 1251 cetera
785 1209 860 1269 quae
875 1190 964 1250 domo
980 1191 1118 1252 adierunt
1132 1210 1182 1252 co·

117 1281 256 1357 gitatione
277 1280 522 1358 complectantur,
550 1276 655 1337 subitis
684 1295 719 1336 ex
740 1286 871 1356 tempore
894 1284 1060 1337 occurrant.
1089 1276 1183 1346 ¹Quod

116 1365 218 1426 fecisse
241 1365 279 1425 M.
303 1363 432 1425 Tullium
455 1360 675 1422 commentariis
699 1361 791 1440 ipsius
812 1368 942 1440 apparet.
973 1359 1031 1421 Sed
1046 1361 1183 1422 feruntur

115 1450 239 1515 aliorum
256 1467 377 1528 quoquc
392 1455 421 1509 et
435 1446 547 1508 inventi
562 1447 647 1519 forte,
664 1456 697 1506 ut
709 1465 759 1507 eos
771 1446 904 1507 dicturus
920 1445 1046 1524 quisque
1061 1464 1182 1524 compo·

114 1545 222 1606 suerat,
239 1542 267 1594 et
283 1534 313 1594 in
329 1532 421 1593 libros
436 1531 549 1609 digesti,
565 1540 598 1592 ut
613 1549 768 1592 causarum
783 1549 858 1610 quae
873 1539 943 1592 sunt
958 1541 1041 1591 actae
1052 1549 1067 1591 a
1080 1530 1181 1590 Servio

115 1619 256 1698 Sulpicio,
279 1617 363 1679 cuius
384 1626 445 1678 tres
468 1617 615 1677 orationes
638 1624 753 1690 extant3
777 1617 828 1677 sed
849 1616 878 1676 hi
901 1616 938 1676 de
953 1615 1061 1694 quibus
1075 1615 1182 1693 loquor

115 1703 318 1764 commentarii
333 1704 372 1763 ita
387 1711 458 1764 sunt
473 1701 575 1774 exacti,
591 1709 624 1763 ut
638 1700 674 1761 ab
690 1701 754 1780 ipso
770 1699 842 1762 mihi
853 1701 884 1761 in
896 1701 1066 1767 memoriam
1083 1708 1182 1781 poste-

115 1788 209 1851 ritatis
219 1788 374 1850 videantur
385 1806 449 1849 esse
462 1786 626 1866 compositi.
648 1787 722 1846 Nam
735 1785 885 1848 Ciceronis
896 1787 930 1847 ad
944 1805 1084 1866 praesens
1094 1785 1182 1846 modo
1203 1793 1232 1844 st

114 1883 230 1952 tempus
249 1882 364 1952 aptatos
384 1873 506 1933 libertus
527 1871 596 1932 Tiro
619 1871 780 1947 contraxit3
803 1889 877 1949 quos
899 1890 961 1932 non
982 1872 1048 1933 ideo
1064 1889 1180 1943 excuso,
1223 1891 1224 1894 ¹

114 1959 182 2037 quia
198 1977 258 2018 non
275 1957 407 2038 probem,
423 1959 473 2018 sed
489 1965 522 2018 ut
536 1956 596 2018 sint
610 1956 702 2034 magis
724 1955 918 2016 admirabiles
949 1956 983 2016 ln
999 1957 1056 2018 hoc
1072 1973 1181 2034 genere

112 2061 235 2124 prorsus
256 2043 366 2124 recipio
387 2043 464 2103 hanc
486 2041 605 2102 brevem
628 2040 846 2102 adnotationem
866 2040 1049 2120 libellosque,
1071 2040 1123 2119 qui
1136 2039 1181 2100 rel

113 2147 204 2188 manu
219 2136 376 2189 teneantur
391 2127 469 2189 etad
486 2145 561 2207 quos
577 2125 696 2187 interim
712 2125 860 2204 respicere
876 2125 919 2187 las
934 2125 980 2187 sit.
1012 2125 1087 2193 Illud
1102 2125 1182 2203 quod
1204 2133 1232 2184 ti

112 2311 200 2365 Worte
224 2313 337 2364 erhalten
360 2310 444 2363 Gmnd
466 2310 518 2362 und
540 2309 621 2362 Tiele.
707 2325 735 2359 in
759 2310 840 2362 libros
862 2310 972 2375 digesti,
998 2304 1039 2362 ‘zu
1064 2309 1181 2363 Bdchern

111 2380 235 2444 (Becher).
671 2372 817 2443 vereinigt‘.

145 2450 287 2511 innatans,
312 2447 338 2496 in
365 2447 546 2511 dhertragener
573 2445 621 2498 Be-
707 2445 849 2511 Subiciet,
869 2461 888 2497 s.
910 2448 931 2509 l,
954 2448 1007 2498 116.

112 2516 227 2580 deutung
243 2530 291 2566 nur
310 2514 376 2565 noch
394 2512 446 2576 Vll,
467 2517 488 2578 1,
506 2516 539 2566 44
557 2516 622 2565 hooc
705 2514 752 2564 sed
769 2516 804 2580 lii,
822 2512 904 2565 bildet
922 2512 971 2564 den
989 2512 1131 2581 Gegensata
1149 2530 1180 2566 zu

111 2583 185 2634 volnt
194 2584 348 2634 innatantia
360 2581 487 2631 videbunt
499 2581 523 2634 d.
533 2582 550 2634 i.
566 2596 621 2634 was
672 2582 729 2634 dem
742 2582 835 2647 obigen
845 2581 923 2645 Quod
931 2609 964 2618 —
976 2587 1094 2646 apparot
1112 2581 1180 2633 Uber

111 2651 165 2702 sich
183 2666 235 2703 von
253 2650 334 2702 selbst
352 2649 485 2701 darbietet.
672 2648 1181 2714 diestilistischeNachlissigkeitsEin·

145 2722 174 2770 in
192 2718 276 2770 altnm
294 2743 328 2763 =
345 2717 371 2768 in
389 2716 550 2784 profundum.
673 2717 772 2783 leitung
790 2717 816 2770 S.
837 2721 875 2771 13.

143 2791 215 2838 nont
229 2789 327 2838 rustici
343 2815 376 2824 -
393 2785 541 2848 firmentur.
571 2785 620 2838 Der
694 2790 734 2837 in
758 2788 914 2838 memoriam
938 2789 1115 2851 posteritatis,
1142 2785 1182 2837 liu

111 2855 255 2906 Landmann
281 2853 412 2906 schneidet
439 2853 479 2904 die
507 2853 620 2905 flachlie-
672 2853 1182 2920 dieErinnerungderNaehwelt,gleich-

112 2920 211 2986 genden
222 2921 341 2973 Wurzcln
350 2922 390 2985 ab,
403 2921 482 2973 damit
493 2921 535 2973 die
547 2921 621 2973 tiefer
670 2921 816 2973 bedentend
828 2921 862 2973 ist
877 2924 899 2985 l,
912 2924 942 2973 31
954 2922 991 2972 ad
997 2937 1072 2973 monn.
1081 2927 1182 2988 postor.

111 2987 245 3053 liegenden
267 2987 340 3040 desto
364 2989 435 3040 mehr
451 2989 478 3040 in
496 2989 537 3041 die
554 2988 620 3040 Erde
707 2992 746 3041 31.
765 2988 844 3040 Nam.
877 2987 976 3040 Anders
1000 2990 1070 3041 steht
1093 2991 1181 3042 esbel

111 3055 267 3121 eindringen.
672 3056 773 3120 Cicero,
796 3057 867 3108 seine
891 3060 1075 3108 commentarii
1095 3059 1180 3124 liegen

144 3139 275 3174 crimmum
285 3124 379 3188 colunt,
391 3117 441 3175 ‘die
455 3120 619 3177 Oberdichc'.
671 3125 742 3176 nicht
759 3125 785 3176 in
803 3124 848 3177 der
859 3125 1069 3192 ursprdngllchen
1083 3124 1180 3176 Gestalt

146 3194 187 3244 29.
212 3195 369 3256 utrumqne,
395 3191 506 3243 nimlich
533 3193 621 3244 dicero
670 3207 732 3256 vor,
756 3192 865 3245 sondern
889 3192 946 3245 sind
963 3192 1084 3243 verluirzt
1102 3192 1180 3244 durch

113 3260 164 3312 und
180 3262 304 3310 ambone.
671 3260 744 3322 Tiro;
767 3261 827 3313 aber
844 3261 910 3312 auch
928 3260 953 3310 in
972 3259 1055 3312 dieser
1072 3258 1181 3312 Verkdr,

144 3328 331 3394 deprehensus,
356 3321 475 3391 ‘erialst’,
498 3322 534 3378 ‘in
558 3326 620 3380 Ver·
671 3344 738 3396 rung
755 3329 837 3381 haben
856 3329 893 3380 sie
911 3327 997 3379 hohen
1015 3327 1096 3380 Wert.

109 3395 239 3461 legenheit
258 3391 379 3460 gesetzt’.
704 3412 810 3459 annuo,
830 3388 880 3447 ‘ich
898 3395 971 3447 ldhre
988 3395 1113 3447 nebenbei
1132 3391 1180 3450 au'.

144 3466 184 3517 30.
202 3465 304 3527 subita,
326 3461 384 3514 sind
401 3463 550 3529 plbtnliche,
572 3479 620 3516 un·
704 3462 1181 3530 Inbocgonoro,nfimlichinoctionc

109 3531 329 3598 vorhergesehene
347 3530 564 3596 Aniorderungen.
670 3533 853 3597 intemporali.
880 3530 1179 3597 llenGegensatzbllden

144 3602 354 3664 commentariis,
372 3597 566 3651 llenkschriiten
584 3599 618 3651 im
670 3600 712 3651 die
722 3599 811 3652 Worle
820 3603 850 3650 in
858 3602 899 3650 liis
908 3615 976 3666 quoe
987 3602 1181 3666 scripserimus.

108 3667 244 3719 weitesten
257 3667 343 3733 Siune,
362 3666 440 3718 daher
454 3666 520 3718 anch
531 3665 619 3719 Notiz-
704 3670 817 3753 rcci'pio,
841 3662 893 3719 ‘ich
911 3667 1002 3720 nehme
1026 3661 1080 3733 an’,
1103 3663 1180 3721 ‘lasse

108 3734 211 3786 bircher.
258 3734 332 3787 Diese
364 3737 548 3786 commentarii
580 3734 621 3785 Gi·
671 3735 773 3800 gelten:
792 3735 833 3788 ein
848 3735 983 3787 Ausdruck
1001 3735 1045 3787 der
1062 3737 1180 3803 spiteren

109 3817 181 3854 ceros
209 3802 312 3854 werden
333 3802 399 3854 auch
420 3801 460 3865 lV,
487 3806 509 3868 l,
528 3805 560 3856 69
582 3817 620 3855 er·
670 3803 798 3854 Latiniti'at.

109 3871 205 3922 wihnt.
705 3872 817 3933 libellos,
842 3870 927 3922 kleine
945 3869 1031 3935 lleite,
1056 3870 1096 3924 die
1121 3887 1179 3925 man

141 3937 277 4002 fucentur,
296 3951 316 3993 s.
335 3953 366 3989 zu
387 3941 408 4006 t,
429 3941 468 3992 24.
671 3940 780 4006 hequem
799 3938 950 3992 handhahen
968 3937 1045 3996 kann.
