2684 4508
162 207 203 270 24
543 211 651 264 carur
668 213 687 267 1.
707 214 723 277 ς
741 215 849 266 nr-ar.

107 398 138 446 27
247 386 410 447 Plurimum
437 386 507 446 dicit
533 387 644 446 oratori
670 386 808 447 conlerre
831 386 1052 465 Theophrastus
1076 385 1245 448 lectionem

161 482 333 552 poetarum,
356 471 500 549 multique
522 470 586 532 eius
607 471 748 532 iudicium
766 479 947 549 sequuntur3
969 490 1066 549 neque
1087 471 1242 534 inmerito.

161 557 294 635 Namque
310 556 345 615 ab
361 556 407 616 bis
424 555 454 616 in
472 554 561 616 rebus
577 556 698 635 spiritus
714 556 789 616 etin
805 556 901 617 verbis
916 554 1078 616 sublimitas
1094 557 1171 618 etin
1188 557 1242 620 ad·

161 640 289 702 lectibus
304 648 402 701 motus
417 641 515 701 omnis
529 650 559 701 et
574 640 605 700 in
620 640 758 719 personis
771 640 862 700 decor
875 641 996 719 petitur,
1016 640 1240 722 praecipueque

161 726 241 786 velut
255 725 352 786 attrita
367 725 516 786 cotidiano
530 733 598 785 actu
612 725 726 786 lorensi
746 724 865 802 ingenia
887 724 997 803 optime
1017 744 1118 786 rerum
1133 727 1239 790 talium

161 810 302 871 blanditia
318 820 504 889 reparantur.
530 810 659 887 Ideoque
675 809 706 869 in
721 809 776 869 hac
787 809 915 870 lectione
928 809 1031 871 Cicero
1043 811 1238 888 requiescen-

109 903 138 954 28
161 895 231 955 dum
253 904 345 973 putat.
381 895 603 956 Meminerimus
623 903 740 968 umen,
767 912 828 954 non
852 895 1026 973 peremnia
1048 905 1150 974 poetas
1172 916 1238 959 esse

162 979 271 1039 oratori
294 980 477 1057 sequendos,
498 997 554 1040 nec
577 978 712 1039 libertate
732 978 892 1039 verborum
914 998 970 1040 nec
991 980 1110 1041 licentia
1126 982 1238 1060 figura-

161 1082 244 1139 rum;
269 1082 364 1142 genus
379 1064 571 1125 ostentationi
586 1072 787 1142 comparatum
804 1072 833 1124 et
846 1073 964 1143 praeter
978 1064 1023 1136 id,
1046 1065 1126 1143 quod
1143 1067 1238 1128 solam

159 1149 235 1227 petit
255 1148 450 1226 voluptatem,
476 1167 600 1227 eamque
622 1149 709 1210 etiam
728 1149 869 1226 fingendo
893 1168 954 1209 non
980 1149 1053 1209 falsa
1072 1151 1162 1211 modo
1183 1152 1238 1213 sed

162 1233 250 1293 etiam
272 1233 417 1311 quaedam
438 1233 621 1294 incredibilia
636 1242 781 1307 sectatur,
804 1233 969 1311 patrocinio
994 1251 1114 1312 quoque
1135 1235 1237 1315 aliquo

108 1325 138 1375 29
159 1317 267 1378 iuvari:
284 1320 363 1397 quod
380 1318 503 1397 adligata
518 1317 555 1377 ad
571 1327 681 1378 certam
696 1319 805 1397 pedum
820 1318 1025 1379 necessitatem
1041 1338 1103 1378 non
1116 1338 1237 1400 semper

160 1403 203 1463 uti
218 1403 348 1483 propriis
362 1403 464 1481 possit,
480 1403 531 1462 sed
547 1403 670 1481 depulsa
684 1411 765 1463 recta
779 1403 824 1463 via
840 1403 1007 1464 necessario
1023 1403 1059 1464 ad
1074 1405 1236 1483 eloquendi

160 1488 305 1565 quaedam
320 1486 497 1549 deverticula
509 1487 670 1565 confugiat,
687 1505 743 1548 nec
758 1496 872 1548 mutare
888 1489 1030 1566 quaedam
1045 1490 1133 1549 modo
1145 1491 1237 1552 verba

159 1573 210 1633 sed
226 1573 394 1643 extendere,
411 1572 571 1650 corripere,
587 1580 772 1646 convertere,
788 1572 916 1634 dividere
932 1582 1055 1652 cogatur
1061 1592 1071 1648 3
1092 1593 1148 1635 nos
1163 1594 1237 1636 vero

159 1665 288 1717 armatos
304 1664 382 1716 stare
397 1656 429 1716 in
444 1657 507 1717 acie
522 1666 552 1717 et
566 1655 689 1716 summis
704 1656 740 1716 de
756 1655 847 1718 rebus
862 1657 1023 1719 decernere
1046 1667 1075 1718 et
1090 1658 1126 1718 ad
1141 1659 1235 1721 victo·

105 1749 134 1798 tt
158 1741 232 1800 riam
247 1739 312 1799 niti.
342 1741 446 1818 Neque
462 1759 516 1819 ego
533 1758 612 1802 arma
627 1740 761 1819 squalere
777 1741 835 1802 situ
850 1760 884 1802 ac
899 1743 1037 1822 rubigine
1058 1743 1159 1818 velim,
1182 1746 1236 1806 sed

158 1824 305 1903 fulgorem
321 1824 352 1885 in
368 1825 403 1885 iis
419 1844 483 1886 esse
500 1827 551 1904 qui
566 1834 685 1900 terreat,
702 1826 797 1904 qualis
814 1834 858 1887 est
872 1826 953 1901 ferri,
970 1845 1029 1905 quo
1045 1846 1131 1888 mens
1146 1829 1235 1890 simul

159 1909 297 1987 visusque
312 1911 557 1990 praestringitur;
580 1929 642 1971 non
659 1911 753 1989 qualis
775 1911 840 1972 auri
854 1911 1041 1991 argentique,
1064 1912 1182 1974 inbellis
1204 1924 1236 1976 et

158 1994 257 2072 potius
272 1994 394 2056 babenti
408 1996 603 2076 periculosus.

104 2085 133 2137 at
240 2079 369 2142 Historia
385 2100 505 2162 quoque
520 2083 598 2144 alere
615 2088 763 2142 oratorem
786 2079 912 2158 qu'cdam
933 2080 1018 2141 uberi
1041 2082 1234 2163 iucundoque

189 2195 386 2259 reconferre,
412 2199 459 2249 mit
476 2199 534 2250 dem
553 2199 628 2250 Detiv
646 2213 667 2251 s.
719 2203 772 2262 net,
785 2197 811 2246 in
824 2195 936 2248 welcber
947 2195 1064 2249 lliusicbt
1076 2199 1121 2250 der
1133 2198 1234 2250 Redner

156 2268 195 2319 63.
216 2267 255 2316 71.
274 2268 307 2316 95
326 2281 350 2317 u.
369 2280 391 2317 a.
720 2263 769 2316 den
781 2262 885 2316 Dichter
896 2263 967 2315 nicht
979 2266 1136 2318 nachabmen
1151 2265 1232 2318 ddrle.

191 2331 402 2396 Theophrastus,
421 2332 447 2382 in
465 2333 562 2383 seinem
580 2330 668 2382 Bucbe
751 2337 860 2398 praeter
871 2332 902 2383 id
914 2334 993 2398 quad,
1006 2334 1083 2385 ollein
1093 2334 1135 2385 bei
1145 2333 1234 2394 Quint.

155 2399 217 2451 uber
230 2397 271 2449 die
281 2397 413 2464 Rhetorik‚
426 2399 539 2452 welches
551 2399 588 2464 lll,
600 2401 623 2463 1,
636 2402 667 2452 ta
719 2403 783 2452 statt
815 2400 860 2452 dee
892 2399 1012 2452 truberen
1039 2405 1233 2466 praemortua

155 2466 271 2518 erwdbnt
290 2466 364 2518 wird:
384 2465 436 2533 vgl.
455 2467 472 2533 §
490 2471 530 2522 83.
719 2469 791 2533 qaod
807 2468 996 2534 gebriuchlicb,
1014 2467 1065 2533 vgl.
1076 2470 1100 2530 2,
1111 2470 1152 2537 26.
1166 2471 1190 2529 3,
1201 2472 1231 2520 6:

155 2539 427 2661 Anqqaekiqlaaerato,
441 2536 668 2655 tcipstqlliptiscber
716 2541 908 2652 praepter-qaam
930 2535 1011 2587 findet
1034 2535 1090 2585 sich
1113 2535 1154 2584 bel
1177 2534 1231 2583 ibin

228 2617 272 2652 ruo
345 2619 360 2652 n
413 2617 459 2653 m.
526 2616 667 2653 ranwen-
736 2616 758 2652 w
775 2616 843 2654 rma.

96 2672 98 2679 '
155 2617 209 2731 deqs
225 2683 269 2719 um
287 2618 516 2735 iuresseglunning
528 2617 598 2721 einer
614 2683 667 2719 von
718 2617 793 2720 zi29.
812 2668 849 2718 ad
889 2673 936 2718 ata
949 2666 1051 2717 beziebt
1065 2664 1119 2715 sich
1132 2663 1178 2714 aul
1188 2665 1230 2715 ein

154 2735 208 2787 ihm
220 2734 402 2799 aulgestellten
413 2734 667 2803 Bebauptunguber·
718 2735 776 2787 dem
794 2733 866 2786 Schri
880 2733 979 2785 tsteller
995 2730 1229 2784 vorscbwebendes

155 2801 265 2867 augebo,
284 2803 336 2868 vgl.
355 2803 372 2869 §
391 2806 432 2855 79.
717 2800 792 2855 Wort
804 2802 855 2853 wie
866 2803 953 2867 poeria
965 2798 1027 2850 oder
1033 2801 1149 2864 poetica,
1167 2800 1231 2852 oder

187 2871 313 2935 spiritua,
339 2863 429 2922 ‘heber
455 2863 666 2936 Gadanlrenllug',
718 2884 746 2922 ee
758 2870 792 2920 ist
806 2868 865 2935 §28
877 2867 924 2919 mit
936 2866 1024 2918 Scboll
1036 2882 1069 2918 zu
1081 2868 1229 2920 schreiben:

153 2937 206 3003 vgl.
228 2941 252 3001 5,
271 2941 288 2988 4
312 2937 364 2989 und
385 2937 444 2991 llor.
469 2938 522 2992 Sat
540 2939 558 3002 l,
576 2943 601 3005 4,
619 2941 666 2991 dd:
713 2939 849 3003 poetieam
857 2938 1031 3015 aemulationi
1037 2941 1230 3002 comparatam.

154 3005 226 3070 quod
243 3021 306 3056 acer
322 3009 435 3071 epia-ilar
447 3023 480 3059 ae
491 3010 530 3058 oie
542 3005 598 3058 Neo
609 3021 667 3057 aer·
748 3007 878 3070 propriis,
900 3001 1231 3069 cigentlichedusdrbcke',

153 3075 192 3124 die
209 3075 354 3124 accredas
371 3076 449 3126 inest.
718 3073 860 3138 eloquendi
899 3072 1062 3123 deverticma
1095 3068 1229 3139 ‘Abwege’

186 3142 448 3207 inpersoae‘sdecor.
469 3136 666 3207 ‘Angemessm-
717 3140 742 3192 d.
767 3143 783 3192 i.
801 3131 1021 3206 ‘Abweicbungen
1045 3155 1096 3191 von
1120 3141 1165 3193 der
1187 3155 1229 3206 ge·

153 3205 227 3272 heit’;
246 3209 297 3275 vgl.
316 3209 333 3277 ᾗ
351 3212 392 3262 71.
411 3212 435 3273 2,
455 3212 495 3262 27.
514 3208 555 3275 Vl,
575 3212 599 3272 l,
617 3209 663 3261 25:
718 3209 880 3262 wdhnlicben
899 3204 1078 3274 Darstellnng'.

150 3281 368 3344 prosopopoeiae,
381 3279 412 3330 id
423 3281 463 3328 eet
473 3277 552 3339 fictae
564 3277 666 3328 aliena-
752 3278 895 3329 extendere
903 3276 956 3328 und
968 3279 1105 3340 corrigere
1117 3277 1229 3342 gebdren

152 3361 214 3396 ram
222 3343 560 3411 personarumoratioaee,
574 3345 667 3410 quales
717 3359 864 3398 zusammen
886 3344 938 3397 und
962 3343 1084 3422 bepieben
1108 3345 1163 3396 sich
1186 3343 1231 3395 aul

153 3413 324 3479 litigatorum
341 3431 388 3466 ore
406 3415 472 3465 dicit
486 3417 627 3479 patronas.
717 3411 814 3478 Silben‚
828 3418 980 3464 convertere
990 3416 999 3475 l
1010 3405 1164 3475 amstellen’)
1178 3411 1230 3463 und

188 3482 328 3546 banditio,
344 3476 485 3534 ‘lieblicher
503 3474 614 3533 Genuls‘.
716 3481 836 3532 dividere
853 3479 899 3533 aul
915 3479 1024 3532 Wbrter.
1052 3480 1098 3532 Als
1117 3478 1230 3544 Beispiel

188 3549 288 3616 Cicero,
304 3563 351 3617 pro
364 3549 498 3602 Arcbladz
518 3549 587 3613 Quia
604 3564 665 3615 eup-
717 3548 758 3600 sur
792 3548 832 3600 die
862 3549 959 3599 divisio
988 3550 1129 3598 uerborum
1159 3547 1229 3611 giebt

150 3617 257 3682 peditat
283 3621 387 3679 (nomen
413 3619 556 3684 poetarum)
580 3619 665 3681 nobie,
717 3616 802 3677 Quint.
826 3616 907 3668 selbst
925 3614 986 3680 Vlll,
1004 3619 1028 3678 6,
1046 3617 1079 3666 66
1098 3614 1146 3665 den
1165 3612 1229 3665 Vere

151 3685 199 3734 abi
217 3688 243 3734 et
259 3688 367 3736 animas
378 3701 414 3736 ea
425 3686 475 3736 dac
486 3682 590 3744 forami
601 3690 666 3736 stre-
717 3683 818 3750 Vergils
832 3683 1046 3749 Georg.lll,381:
1063 3683 1230 3748 hyperborea

147 3754 211 3817 pitu
228 3751 383 3816 reficiatur,
406 3757 434 3802 et
449 3768 528 3804 aurea
545 3756 665 3804 convicio
716 3758 814 3818 septem
830 3753 949 3801 subiecta
967 3752 1058 3800 trioni.

123 3842 130 3853 ·
151 3816 270 3880 defessae
287 3821 483 3885 conquiescant.
752 3822 792 3871 36.
811 3817 904 3883 Neque
925 3832 974 3882 ego
997 3817 1024 3866 in
1042 3815 1229 3868 adversatirem

186 3889 226 3940 28.
238 3888 367 3949 libertate,
382 3888 426 3940 der
436 3888 539 3940 Ablativ
549 3888 665 3940 benaich·
719 3885 796 3938 Sinne
814 3886 867 3952 vgl.
886 3885 902 3952 ᾗ
922 3888 962 3938 80.
982 3888 1006 3945 5,
1024 3887 1048 3936 5.
1068 3887 1091 3949 l,
1109 3889 1133 3938 4.
