2684 4508
154 237 195 300 88
525 238 632 290 ceron
650 237 701 292 vn.
718 240 733 306 s
751 241 793 292 ae.
811 241 851 292 aa.

155 413 268 476 Laenas
288 413 432 493 praecipit
453 413 588 492 displicet
608 414 688 488 nihi,
709 412 739 473 in
762 412 808 473 his
830 430 904 490 qrrae
926 409 1131 491 scripserimus
1145 409 1226 469 velut

155 517 284 560 summas
305 499 335 559 in
359 499 603 559 commentarium
619 508 649 560 et
669 498 763 576 capita
779 499 926 558 conferre.
957 496 1039 556 Facit
1053 494 1133 555 enim
1148 494 1226 555 edis-

110 630 113 637 .
155 584 242 644 cendi
258 584 473 662 neglegentiam
489 584 562 644 haec
577 584 640 663 ipsa
654 583 769 657 fiducia,
785 591 814 643 et
827 582 936 643 lacerat
950 600 984 642 ao
999 581 1143 641 deformat
1159 597 1226 638 ora-

155 670 276 730 tionem.
306 669 369 748 Ego
381 678 479 730 autem
492 688 530 730 ne
543 668 732 730 scribendum
744 668 862 746 quidem
874 676 956 746 puto,
969 665 1047 744 quod
1060 683 1123 725 non
1134 664 1226 725 simus

155 754 296 815 memoria
313 754 508 833 persecuturi.
537 755 610 814 Nam
631 753 679 813 hic
702 771 821 831 quoque
842 751 956 826 accidit,
976 758 1010 810 ut
1031 757 1151 810 revocet
1172 768 1225 809 nos

156 839 293 918 cogitatio
309 839 344 899 ad
359 838 407 899 illa
423 839 572 900 elaborata
587 857 643 899 nec
663 838 739 898 sinat
759 845 945 916 praesentem
966 837 1116 898 fortunam
1132 853 1225 913 expe-

103 934 133 984 33
157 924 217 984 riri.
248 924 298 984 Sic
313 942 423 1003 anceps
438 924 516 985 inter
531 932 691 1002 utrumque
713 922 828 983 animus
848 929 971 995 aestuat,
988 939 1057 982 cum
1072 928 1100 980 et
1115 920 1224 998 scripta

155 1008 282 1088 perdidit
305 1017 334 1068 et
354 1028 415 1069 non
438 1008 553 1088 quaerit
575 1027 658 1070 nova.
700 1007 757 1068 Sed
780 1008 816 1068 de
835 1005 976 1067 memoria
1000 1004 1162 1066 destinatus
1183 1012 1225 1065 est

155 1094 230 1154 libro
246 1093 380 1173 proximo
396 1095 479 1156 locus
494 1114 550 1155 nec
564 1094 634 1155 huic
649 1093 725 1173 parti
744 1091 981 1170 subiungendum
1003 1090 1070 1169 qnia
1086 1097 1156 1151 sunt
1171 1089 1224 1149 alia

154 1178 237 1258 prius
252 1178 338 1239 nobis
353 1180 485 1240 dicenda.
518 1215 521 1221 ,

190 1331 230 1381 m.
247 1329 359 1391 Laenas,
369 1327 492 1396 Popilius,
499 1329 665 1395 Zeitgenosse
745 1331 913 1394 praesentem
929 1325 1078 1389 fortunam,
1096 1324 1148 1391 vgl.
1168 1327 1192 1386 6,
1213 1328 1223 1376 1

155 1396 201 1448 des
220 1397 352 1449 Cornelius
370 1396 467 1463 Celsus,
486 1411 507 1448 s.
524 1397 563 1462 ΙΙΙ,
582 1400 604 1461 1,
623 1399 664 1449 21.
715 1394 920 1461 extemporalem
936 1392 1083 1455 fortunam.

154 1464 195 1528 xi,
214 1468 237 1532 3,
258 1468 314 1517 183.
750 1465 790 1515 33.
800 1466 901 1529 scripta
905 1463 1036 1529 perdidit,
1048 1460 1108 1512 weil
1118 1475 1146 1512 es
1156 1459 1226 1511 nicht

183 1535 218 1611 'in
236 1530 514 1597 dir—eoofme,bei
528 1531 594 1595 dem,
609 1546 664 1582 was
715 1531 861 1583 memorien
877 1531 920 1581 ist.
1118 1596 1124 1607 Ι

155 1599 665 1720 diani‘dhdihdididdoddiiffldii
715 1594 1226 1733 nitttttzdtttdttfttdt

156 1735 228 1786 zelne
246 1734 475 1801 Hauptabschnitta
493 1735 665 1801 einzutragen.
717 1733 851 1801 sorgialtig
877 1731 1026 1798 auswendig
1053 1731 1154 1789 lemen;
1183 1745 1227 1796 ge-

155 1802 251 1854 Daraus
273 1803 307 1853 ist
333 1802 412 1853 leicht
437 1801 482 1854 der
504 1802 606 1854 Genitiv
633 1817 664 1852 zu
716 1801 816 1853 sehieht
833 1800 888 1853 dies
900 1801 979 1865 nicht,
997 1815 1026 1852 so
1044 1799 1100 1851 tritt
1112 1798 1169 1850 eine
1182 1799 1226 1850 be-

153 1884 270 1920 aummaa
294 1886 324 1921 zu
343 1871 478 1935 erginzen.
511 1869 557 1921 nie
575 1868 664 1922 Worte
715 1868 850 1921 denkliche
863 1868 1040 1920 Unsicherheit
1058 1867 1111 1919 ein:
1131 1882 1158 1918 er
1170 1881 1227 1918 ver-

155 1937 274 1990 scheinen
302 1939 372 1990 einer
398 1937 492 1990 Schriit
515 1937 560 1990 des
583 1937 664 1990 Lanae
714 1936 775 1988 laist
793 1936 847 1989 sich
865 1936 910 1988 aui
920 1937 961 1989 die
977 1934 1227 1988 schriitlichenAui·

155 2006 270 2058 entlehnt
287 2022 319 2057 zu
336 2006 399 2060 sein.
715 2004 903 2072 zeichnungen,
925 2005 992 2056 ohne
1010 2004 1048 2056 sie
1065 2003 1138 2055 recht
1155 2003 1227 2054 inne

189 2076 253 2125 daeo
271 2103 304 2113 -
321 2073 436 2139 fiducia,
461 2073 506 2127 das
524 2073 662 2126 Vertrauen
715 2072 831 2125 zuhahen
853 2072 904 2124 und
927 2071 1062 2124 unteriiist
1080 2086 1107 2122 es
1128 2069 1226 2133 darum,

153 2141 251 2207 darauf,
261 2158 281 2194 s.
290 2159 321 2194 zu
330 2146 383 2207 3‚2.
402 2143 451 2195 Zur
460 2141 600 2209 Sachevgl.
608 2145 631 2204 6,
640 2144 663 2196 2.
715 2141 760 2194 inei
780 2156 811 2192 ru
828 2139 960 2208 sprechen.
