2684 4508
141 237 181 300 72
534 238 641 291 carun
659 238 690 290 v.
708 240 724 304 ς
742 241 817 292 a-e.

102 427 118 478 t
226 415 284 475 Sed
307 423 336 475 et
351 414 399 474 illa
420 432 455 474 ex
471 413 584 474 Latinis
607 412 761 474 conversio
780 413 905 473 multum
921 420 949 472 et
965 411 1027 490 ipsa
1043 411 1227 472 contulerit.

141 503 183 562 Ac
199 501 235 562 de
251 498 434 560 carminibus
450 498 569 577 quidem
582 498 733 559 neminem
743 497 833 558 credo
846 497 991 569 dubitare,
1007 514 1066 574 quo
1082 496 1150 556 solo
1167 515 1227 574 ge·

143 604 215 648 nere
231 583 451 646 exercitationis
465 583 573 645 dicitur
588 602 659 644 usus
674 601 738 645 esse
755 581 912 662 Sulpicius
948 581 1021 642 Nam
1037 591 1065 641 et
1080 580 1226 644 sublimis

142 671 263 751 spiritus
277 670 417 730 adtollere
432 669 597 730 orationem
612 674 719 748 potest,
735 674 764 727 et
778 667 867 727 verba
881 666 997 746 poetica
1012 666 1149 727 libertate
1165 686 1225 729 au·

142 757 259 817 daciora
275 774 337 816 non
349 762 544 834 praesumunt
556 752 680 814 eandem
689 753 810 832 proprie
822 752 938 813 dicendi
950 751 1129 813 facultatem.
1157 752 1223 813 Sed

143 850 172 902 et
193 840 264 920 ipsis
285 839 440 901 sententiis
461 838 575 899 adicere
596 837 664 899 licet
686 837 848 897 oratorium
869 837 963 897 robur
977 845 1007 897 et
1022 836 1130 898 omusa
1145 856 1222 918 sup-

105 938 119 986 5
141 925 224 1006 plere
240 933 269 985 et
284 924 375 986 ellusa
390 922 602 1003 substringere.
619 921 734 1004 'Neque
754 941 807 1001 ego
824 921 1024 1001 paraphrasim
1043 939 1106 982 esse
1122 922 1221 984 inter·

142 1009 338 1090 pretationem
354 1018 468 1071 tantum
484 1009 550 1069 volo
563 1008 614 1070 sed
625 1007 702 1068 circa
715 1007 834 1068 cosdem
846 1025 952 1069 sensus
964 1014 1114 1067 certamen
1128 1016 1221 1087 atque

142 1093 378 1156 aemulationem.
408 1094 538 1174 Ideoque
553 1093 589 1154 ab
610 1092 667 1154 illis
689 1091 841 1165 dissentio,
864 1091 915 1171 qui
934 1099 1050 1152 vertere
1066 1092 1221 1155 orationes

143 1180 261 1241 Latinas
276 1188 382 1256 rotant,
399 1179 467 1258 quia
483 1179 601 1258 optimis
617 1177 776 1258 occupatis,
793 1177 935 1257 quidquid
950 1175 1034 1236 aliter
1046 1176 1221 1253 dixerimus,

144 1283 265 1326 necesse
287 1265 325 1326 sit
339 1284 403 1326 esse
421 1263 560 1324 deterius.
590 1262 662 1324 Nam
686 1281 784 1341 neque
804 1281 921 1341 semper
937 1270 982 1322 est
996 1261 1219 1341 desperandum

144 1351 254 1429 aliquid
269 1350 334 1424 illis,
359 1368 434 1428 quae
449 1348 526 1409 dicta
542 1357 620 1422 sunt,
642 1348 748 1410 melius
763 1367 850 1428 posse
865 1347 1005 1426 reperiri;
1030 1365 1129 1424 neque
1144 1346 1220 1410 adeo

143 1435 273 1498 ieiunam
288 1453 322 1496 ac
336 1451 498 1515 pauperem
510 1443 614 1495 natura
626 1433 824 1512 eloquentiam
836 1433 914 1507 lecit,
931 1441 963 1492 ut
975 1450 1034 1493 una
1047 1431 1083 1491 de
1095 1451 1129 1492 re
1139 1432 1221 1495 bene

106 1531 121 1581 6
143 1521 200 1582 dici
212 1520 268 1582 nisi
281 1519 373 1581 semel
384 1538 445 1580 uon
458 1519 559 1598 possit.
588 1518 649 1578 Nisi
661 1519 738 1578 forte
749 1517 925 1579 histrionum
938 1517 1029 1578 multa
1041 1516 1118 1577 circa
1130 1536 1222 1581 voces

145 1604 261 1668 easdem
284 1605 396 1665 variare
420 1613 519 1683 gestus
541 1611 653 1682 potest:
675 1603 778 1663 orandi
801 1603 898 1664 minor
914 1602 966 1677 ris,
986 1610 1019 1662 ut
1033 1601 1149 1662 dicatur
1164 1604 1222 1664 ali·

145 1689 225 1769 quid,
240 1697 308 1768 post
323 1688 403 1767 quod
418 1689 449 1749 in
473 1688 573 1749 eadem
590 1688 711 1748 materia
732 1687 805 1748 nihil
820 1687 978 1748 dicendum
993 1687 1038 1748 sit.
1069 1686 1129 1747 Sed
1144 1697 1222 1764 esto,

144 1792 242 1851 neque
263 1773 368 1834 melius
389 1773 469 1852 quod
490 1772 656 1833 invenimus
678 1791 742 1834 esse
758 1791 856 1851 neque
871 1791 938 1852 par:
961 1782 1007 1833 est
1021 1781 1101 1833 certe
1117 1774 1222 1853 proxi·

107 1870 121 1919 τ
144 1859 200 1921 mis
216 1859 309 1919 locus.
340 1857 385 1918 dn
401 1875 470 1919 vcro
486 1857 542 1937 ipsi
558 1874 619 1918 non
635 1856 680 1918 bis
695 1875 729 1917 ac
743 1857 860 1936 saepius
875 1858 911 1918 de
927 1857 1076 1919 eademne
1092 1856 1222 1922 dicimus

145 1952 174 2006 et
195 1942 313 2023 quidem
338 1943 495 2004 continuas
516 1958 740 2022 nonnumquam
764 1940 949 2004 sententias?
974 1942 1035 2003 Nisi
1050 1943 1128 2003 forte
1144 1962 1220 2006 con·

144 2029 267 2091 tendere
289 2029 444 2093 nobiscum
464 2045 720 2109 possumuscum
741 2025 804 2088 aliis
826 2046 886 2088 non
908 2046 1075 2108 possumus.
1105 2026 1178 2089 Nam
1193 2029 1220 2091 si

144 2134 205 2177 uno
222 2132 332 2195 genere
347 2113 424 2176 bene
441 2112 599 2186 diceretur,
620 2114 664 2174 las
680 2122 742 2174 erat
757 2111 915 2174 existimari
930 2113 1113 2193 praeclusam
1129 2113 1219 2176 nobis

145 2219 160 2262 a
175 2199 326 2281 prioribus
340 2200 430 2274 viam;
446 2217 528 2259 nunc
544 2217 613 2260 vero
628 2197 860 2259 innumerabiles
875 2206 946 2258 sunt
960 2198 1041 2258 modi
1056 2197 1215 2277 plurimae-

107 2293 123 2346 8
144 2304 202 2366 que
224 2283 327 2347 eodem
347 2284 410 2345 viae
425 2284 548 2344 ducunt.
592 2283 651 2345 Sua
674 2282 807 2344 brevitati
827 2283 928 2361 gratia,
954 2301 1005 2343 sua
1021 2282 1132 2363 copiae,
1158 2280 1214 2343 alia

144 2369 292 2433 translatis
307 2369 407 2443 virtus,
422 2368 477 2430 alia
492 2368 631 2449 propriis,
646 2368 704 2430 boc
719 2369 813 2430 oratio
825 2377 915 2443 recta,
931 2366 1003 2428 illud
1018 2368 1112 2446 ligura
1126 2366 1215 2429 decli-

145 2464 213 2516 nata
229 2453 425 2517 commendat.
455 2452 523 2534 Ipsa
545 2452 674 2532 denique
694 2452 847 2515 utilissima
863 2463 907 2515 est
922 2452 1125 2514 exercitationi
1141 2450 1218 2513 dilii-

179 2625 203 2674 4.
218 2638 252 2672 aa
261 2621 522 2673 Latiniaeoaemio.
535 2620 658 2673 lliellon-
708 2619 807 2671 detiach
825 2619 1001 2685 hinzugeldgt
1019 2621 1071 2686 vgl.
1090 2618 1108 2682 Ι,
1131 2623 1169 2684 to,
1188 2623 1218 2674 u:

145 2688 274 2741 struktion
284 2689 329 2739 das
339 2687 465 2740 Verbuma
482 2689 543 2753 geht
558 2689 657 2741 auidas
707 2690 762 2738 aiei
772 2687 844 2748 forta
855 2682 1013 2739 ἀντιδὸτουσ
1024 2688 1130 2754 quidem
1139 2716 1174 2726 —
1184 2704 1221 2740 aa

146 2754 341 2807 Substantivum
350 2755 453 2806 verbale
463 2755 534 2818 iiber,
543 2756 596 2822 vgl.
608 2754 658 2821 llll,
708 2755 799 2806 multia
815 2783 849 2792 -—
863 2755 1000 2818 effectibus
1012 2759 1137 2822 componi
1146 2755 1220 2808 oide-

146 2826 170 2889 2,
189 2826 220 2875 35
240 2837 275 2872 aa
293 2824 381 2873 cararia
393 2825 529 2889 predatio.
707 2838 766 2874 mua
782 2850 816 2860 -
838 2827 865 2873 at
886 2829 960 2874 muta
984 2824 1115 2875 animalia
1132 2824 1221 2875 meilis

179 2893 290 2955 etipsa,
308 2890 575 2958 gewdhnlicheripra
592 2908 657 3013 qna-
708 2891 785 2943 illum
807 2892 993 2943 inimitabilem
1020 2895 1153 2943 domama
1174 2908 1220 2944 ra·

146 2973 210 3024 qua,
233 2971 275 3008 wo
293 2973 344 3010 von
363 2958 445 3011 ciuem
462 2959 573 3012 aweiteu
611 2961 658 3013 ub·
710 2961 779 3010 iiaai
798 2974 919 3026 saporem
937 2989 970 2998 -
987 2959 1147 3027 perficiunt:
1170 2974 1221 3011 aas

142 3024 202 3091 jeltt
224 3024 344 3077 dissolbe
367 3031 506 3094 ansgesagt
527 3027 607 3093 wind,
629 3030 655 3079 in
708 3029 876 3093 mirabimur,
893 3031 918 3079 ai
937 3032 1026 3080 aratio
1043 3056 1077 3066 -
1093 3028 1221 3092 plurimu

146 3093 191 3146 der
207 3092 359 3159 bedentung
374 3088 548 3159 ‘glelcblalls’‚
565 3097 618 3162 vgl.
632 3101 656 3161 b,
708 3098 813 3147 arubae
831 3101 915 3162 egeat.
946 3096 974 3161 ll,
988 3101 1011 3160 3,
1025 3099 1054 3149 6:
1072 3095 1136 3148 Nisi
1147 3095 1219 3158 ltro

146 3166 187 3216 20.
206 3165 230 3226 6,
251 3165 273 3214 1.
292 3164 316 3225 l,
336 3163 378 3214 26.
706 3164 794 3216 Iouem
804 3165 910 3230 quidam
919 3163 1219 3230 Poidiaaopiimefaeit,

182 3231 325 3296 Subiciue,
342 3244 363 3282 s.
385 3232 406 3296 1,
426 3231 482 3282 116.
705 3232 754 3284 iila
773 3238 862 3283 autera
884 3261 913 3270 -
933 3233 1004 3284 aliae
1020 3234 1115 3284 medas
1132 3234 1220 3284 clabo-

175 3302 361 3366 praoeamunt.
404 3296 450 3350 bie
470 3297 656 3351 Zurdclrbeale-
705 3305 797 3351 ruerat.

144 3365 216 3433 hung
239 3365 285 3418 aul
306 3366 351 3418 das
376 3365 519 3419 bandelnde
538 3363 656 3432 subjelt,
740 3366 1217 3435 orto-asae.Vgl.llor.llpist.l‚t,8t.

146 3434 187 3487 dle
205 3437 279 3486 sonst
290 3438 355 3486 stcts
367 3433 392 3486 in
401 3433 656 3501 praeaummliegt
741 3439 765 3489 ἵ.
780 3432 918 3501 plurimae
935 3437 1024 3488 eodem
1037 3439 1095 3487 aiae
1107 3436 1218 3497 ducunt,

146 3502 207 3568 geht
226 3501 280 3553 bier
298 3517 362 3568 ganz
377 3503 502 3568 redonen.
706 3502 806 3556 sebeint
834 3503 1054 3570 spricbwbrtlicbe
1076 3503 1219 3556 Redensart

181 3573 205 3624 e.
229 3567 384 3621 Nisi-vie.
411 3570 656 3652 Abnlicbwiepacb
708 3586 740 3624 zu
757 3573 821 3625 sein.
983 3638 989 3650 1
1046 3638 1052 3649 ·

146 3636 656 3768 atarttrattdaeatraa
708 3637 1219 3773 ..acclamaturaltat

146 3771 187 3849 alu
201 3773 315 3836 amciter,
327 3788 370 3825 um
382 3721 657 3842 deubegeusataawi-
708 3780 812 3842 pensata
836 3775 900 3827 dean
925 3775 959 3826 lst
982 3778 1070 3826 erratio
1087 3775 1219 3840 figuram

146 3839 224 3892 seben
237 3841 397 3892 ammomum
410 3847 502 3907 gerim
513 3843 565 3895 und
577 3859 657 3895 oran-
707 3844 759 3909 rgl.
777 3843 819 3907 ill,
833 3847 855 3906 l,
866 3846 895 3896 3:
913 3846 1028 3908 atraque
1045 3858 1088 3894 rae
1106 3840 1217 3909 t'l'ropen

146 3907 176 3960 di
185 3909 227 3958 ais
243 3906 330 3959 seheri
345 3909 562 3977 hervorznlreben,
579 3924 656 3978 caym
707 3909 758 3961 und
777 3910 897 3977 Figurae)
919 3911 951 3962 de
967 3916 1042 3964 reeta
1060 3918 1086 3964 et
1101 3911 1220 3977 simplici
