2684 4508
107 285 116 294 ,
158 212 199 276 48
533 221 639 276 carur
658 224 676 279 r.
693 226 709 290 a
726 226 853 280 oo-ron.

159 396 259 469 tentia,
275 396 452 457 Plautino
468 396 545 458 dicat
564 416 737 460 sermone
752 398 1095 476 locuturasluisse,
1113 403 1145 464 si
1160 403 1239 466 La·

159 480 355 559 tine‘loqui
371 481 528 558 vellent3
544 483 612 544 licet
627 483 831 545 Caecilium
846 493 960 546 veteres
973 485 1107 548 laudibus
1123 489 1236 562 lerant,

158 565 225 624 licet
240 565 412 628 Terentii
423 566 531 647 scripta
543 569 579 629 ad
592 569 762 648 Scipionem
775 570 945 631 Africanum
957 573 1138 648 referentum
1155 593 1236 654 quae

157 658 255 711 tamen
272 652 388 713 suntin
410 653 467 713 hoc
483 672 593 733 genere
609 654 823 733 elegantissima
846 663 876 715 et
895 656 962 734 plus
983 656 1077 718 adhuc
1092 658 1235 729 habitura

107 741 149 794 tto
159 735 277 814 gratiae,
293 736 318 798 si
333 737 527 800 introversus
543 740 691 800 trimetros
706 740 864 801 stetissent.
894 740 948 800 Vix
963 742 1056 801 levem
1070 746 1234 824 consequi·

156 839 223 880 mur
244 821 389 898 umbram,
411 824 483 884 adeo
507 833 540 884 ut
561 824 632 884 mihi
654 843 751 885 sermo
767 824 829 903 ipse
844 824 995 888 Romanus
1017 846 1078 888 non
1094 829 1232 909 recipere

155 905 287 968 videatur
294 907 372 968 illam
383 908 453 970 solis
464 927 636 971 concessam
642 910 744 971 Atticis
755 928 902 983 venerem,
917 928 984 971 cum
997 930 1060 971 eam
1072 932 1111 974 ne
1122 913 1240 978 Graeci

157 991 276 1070 quidem
288 992 318 1053 in
332 993 388 1054 alio
400 1013 510 1073 genere
522 995 639 1074 linguae
651 993 846 1055 obtinuerint.
862 995 981 1074 Togatis
992 998 1108 1059 excellit
1118 1001 1204 1061 Alra
1214 1036 1229 1047 -

156 1077 255 1153 nius;
271 1079 384 1139 utinam
400 1099 461 1141 non
478 1080 663 1159 inquinasset
673 1088 845 1160 argumenta
856 1098 1019 1159 puerorum
1034 1083 1128 1145 foedis
1142 1103 1229 1147 amo-

155 1161 238 1224 ribus
253 1182 351 1227 morcs
365 1184 435 1227 suos
450 1167 552 1228 lassus.

105 1260 145 1310 101
241 1251 279 1311 At
300 1269 361 1312 non
384 1251 504 1312 historia
525 1251 646 1312 cesserit
669 1250 795 1325 Graecis,
818 1270 872 1311 nec
894 1270 1047 1331 opponere
1062 1253 1228 1334 Thucydidi

157 1333 376 1398 Sallustium
391 1354 502 1397 verear.
532 1336 593 1396 Nec
608 1336 780 1413 indignetur
794 1335 849 1398 sihi
872 1335 1042 1398 Herodotus
1056 1339 1176 1416 aequari
1193 1341 1227 1402 T.

157 1420 315 1495 livium,
332 1440 399 1483 cum
415 1423 445 1482 in
462 1422 609 1482 narrando
622 1422 712 1482 mirae
724 1421 914 1483 iucunditatis
925 1422 1137 1502 clarissimique
1153 1443 1228 1487 can·

157 1506 236 1569 doris
249 1516 310 1567 tum
323 1506 354 1566 in
366 1505 555 1568 contionibus
565 1525 654 1586 supra
666 1524 755 1585 quam
767 1506 898 1567 enarrari
910 1515 1007 1586 potest
1018 1507 1227 1587 eloquentem;

156 1592 195 1652 ita
211 1611 286 1670 qnae
301 1591 441 1652 dicuntur
456 1592 556 1652 omnia
570 1609 637 1652 oum
660 1591 749 1652 rehus
772 1601 834 1652 tum
849 1592 985 1671 personis
1006 1596 1228 1657 accommodata

155 1686 239 1752 sunt;
262 1676 394 1738 adlectus
408 1676 535 1755 quidem,
557 1677 775 1756 praecipueque
795 1695 846 1737 eos
861 1679 912 1755 qui
927 1687 997 1738 sunt
1012 1678 1168 1753 dulciores,
1192 1693 1226 1743 ut

104 1773 146 1824 102
155 1761 324 1840 parcissime
337 1761 440 1833 dicam,
457 1780 545 1822 nemo
557 1762 765 1822 historicorum
777 1762 992 1823 commendavit
1007 1764 1107 1842 magis.
1138 1765 1226 1827 ldeo·

155 1864 212 1924 que
227 1847 411 1907 inmortalem
428 1847 556 1907 Sallustii
573 1846 754 1907 velocitatem
771 1844 891 1908 diversis
906 1847 1064 1909 virtutihus
1079 1868 1226 1914 consecu—

188 1999 310 2049 Piauiino
320 2026 352 2034 -
361 2012 488 2049 sermone.
507 1994 536 2047 Τ.
550 1995 662 2048 lllaccius

154 2065 260 2119 Plautus
278 2081 319 2118 um
338 2067 472 2118 tal-184
490 2081 514 2119 v.
534 2065 590 2116 Chr.

188 2135 292 2199 nollent,
301 2132 346 2184 das
354 2131 454 2199 lmperl.
465 2132 661 2200 ldrPlusquam·

155 2202 255 2269 perlelrt
272 2217 292 2255 a.
312 2200 535 2268 Ellendt-Seyffert
552 2200 660 2254 Gramm.

154 2273 237 2336 §272
256 2271 327 2322 Anm.
347 2273 370 2323 3.

189 2339 329 2402 Canutius,
361 2335 470 2398 Statius,
495 2335 660 2401 Zeitgenosse

154 2409 199 2461 des
216 2407 324 2471 Ennius,
350 2405 391 2458 ein
407 2403 525 2457 lnsuhrer
545 2419 596 2456 von
615 2404 663 2457 Ge-

154 2478 221 2538 bud,
233 2492 274 2529 um
284 2476 418 2528 219-166
427 2489 451 2524 v.
462 2471 528 2537 Chr,
540 2489 591 2524 von
603 2472 660 2526 llor.

153 2545 199 2612 Ep.
211 2545 237 2608 11,
253 2548 274 2608 1,
287 2547 319 2597 59
332 2541 383 2595 und
395 2539 534 2593 besonders
546 2557 597 2593 von
610 2542 660 2593 (lic.

153 2614 184 2665 de
203 2620 256 2680 opt.
274 2628 331 2678 gen.
349 2614 412 2663 orat
433 2611 444 2662 1
464 2610 589 2674 gerhhmt.

186 2681 310 2732 laudibus
330 2678 435 2740 fuant,
461 2680 524 2729 statt
548 2676 593 2728 des
617 2692 661 2743 ge-

153 2748 313 2801 wihnlichen
332 2749 347 2799 l.
366 2748 468 2811 effora.

185 2816 337 2883 Scipionem
344 2813 512 2876 Africanum.
523 2812 580 2880 llgl.
587 2812 658 2868 Suet.

151 2883 208 2936 Ter.
232 2889 260 2938 3:
287 2883 348 2936 Non
375 2886 487 2934 obscura
512 2880 587 2942 fama
613 2887 659 2946 ert,

150 2954 272 3005 adiutum
293 2951 444 3003 Terentium
465 2952 495 3000 in
517 2953 658 3018 scriptisu

150 3021 242 3072 Laelio
255 3025 281 3071 et
293 3020 431 3085 Scipione,
450 3021 605 3083 quibuscum
616 3017 658 3079 fa-

152 3090 295 3141 miliariter
306 3090 384 3139 viarii.
413 3087 533 3137 Eandem
545 3089 601 3153 ipso
613 3101 659 3137 au·

149 3161 208 3223 uin·
225 3172 369 3223 numquam
381 3159 450 3206 anim
462 3157 516 3204 nisi
530 3156 659 3205 lavitania

153 3230 237 3279 tutari
265 3228 391 3288 conatur,
427 3227 458 3273 ui
488 3225 517 3272 in
545 3222 658 3288 prologo

150 3296 338 3362 Adelphorum.

185 3365 326 3426 habitura,
353 3359 398 3411 das
421 3356 585 3424 Participium
612 3358 659 3408 mit

151 3430 341 3485 lrondizionaler
359 3425 438 3478 llmlt.

186 3504 240 3553 tao.
277 3498 356 3548 lauant
378 3524 413 3532 -
438 3496 573 3557 umbram,
601 3492 657 3544 eine

148 3564 368 3639 spriehwdrtliche
385 3562 533 3615 Redensart.

187 3635 304 3702 Tagetis,
323 3631 471 3694 llomddiem
491 3630 589 3682 welche
601 3629 656 3682 sich

149 3706 194 3758 aul
208 3701 347 3756 romisches
366 3698 460 3752 Wesen
478 3699 599 3761 heziehn,
622 3697 656 3749 lm

149 3774 305 3838 Gegensatze
322 3783 354 3820 zu
372 3767 421 3820 den
437 3767 567 3833 palliatae
578 3766 656 3828 fabu-

149 3845 190 3894 lae
208 3840 252 3891 des
271 3836 375 3888 Plautus
392 3835 445 3889 und
462 3835 604 3888 Terentius.

179 3922 278 3976 genera
296 3905 413 3970 linguae,
429 3903 538 3956 Dialekl.

746 1995 887 2060 Afranius,
901 1997 934 2060 h,
944 1997 1110 2064 Zeitgenosse
1120 2000 1164 2052 des
1174 2000 1227 2055 Το-

712 2078 786 2128 renz,
804 2080 846 2116 um
861 2067 909 2117 150
920 2081 945 2116 r.
959 2065 1014 2118 Chr.
1033 2067 1083 2121 Cic.
1102 2067 1171 2120 Brut.
1191 2075 1225 2125 45

712 2135 791 2183 neunt
806 2132 850 2184 ihn
863 2134 939 2184 homa
950 2140 1120 2200 per-argutus,
1138 2139 1167 2186 in
1179 2137 1225 2198 fa-

713 2201 781 2251 bulis
803 2202 909 2267 quidam
932 2205 1012 2254 etiam
1032 2207 1064 2253 ui
1083 2205 1157 2253 scitia
1182 2207 1225 2255 dr·-

711 2273 805 2320 sertus.
840 2268 898 2321 llor.
917 2270 963 2338 Ep.
981 2270 1008 2334 ll,
1028 2274 1049 2334 l,
1068 2273 1108 2322 57.

749 2339 803 2390 101.
827 2337 994 2404 Sollicitum,
1018 2338 1043 2392 G.
1067 2337 1168 2405 Crispus
1186 2339 1220 2389 87

714 2405 754 2456 bis
772 2408 805 2458 34
822 2422 847 2457 v.
866 2406 922 2458 Chr.

745 2473 862 2540 Livium,
871 2474 900 2525 T.
913 2477 977 2528 59v,
986 2475 1041 2528 dtr.
1052 2503 1083 2512 -
1094 2478 1121 2526 11
1133 2489 1156 2525 n.
1164 2473 1223 2526 Ghr.

747 2543 879 2593 candoris.
907 2543 1013 2594 Candor·
1023 2540 1223 2595 bezeichnetdie

712 2608 826 2661 lllarheit
843 2608 894 2660 und
912 2608 1029 2661 Reinheit
1050 2611 1095 2661 der
1111 2609 1224 2661 Darstel-

712 2676 786 2741 lung,
816 2675 914 2727 welche
945 2677 1018 2726 einen
1045 2676 1223 2741 angenehmen

711 2743 838 2796 Eindmck
852 2743 946 2806 macht,
964 2743 1041 2794 daher
1060 2743 1100 2794 die
1115 2741 1222 2797 Verbin-

710 2812 779 2877 dung
796 2812 843 2862 mit
860 2810 1028 2873 iucunditas,
1047 2811 1096 2862 wie
1115 2810 1155 2862 die
1168 2828 1221 2865 von

709 2880 840 2930 candidus
852 2878 1004 2942 mitterent
1020 2881 1077 2943 121,
1097 2879 1142 2930 mit
1161 2882 1221 2932 dui·

709 2947 779 3012 οὑξ
799 2949 838 3010 73,
857 2945 904 2997 mit
920 2947 1023 2997 nitidus
1042 2949 1057 3012 S
1078 2950 1133 3000 113.

742 3031 825 3081 srrpra
847 3030 939 3082 quam,
963 3015 1056 3080 selten,
1082 3032 1128 3068 our
1152 3017 1219 3069 noch

710 3082 772 3135 Sall.
791 3083 844 3137 cu.
864 3088 886 3146 5,
906 3087 936 3135 3;
960 3100 1042 3150 eacpra
1067 3099 1146 3150 quam
1165 3091 1220 3136 caai-

710 3152 1002 3287 qussr'llfesslazfibillgloe}
1021 3223 1052 3273 48

744 3294 775 3338 ui
786 3292 945 3355 parcissima
962 3290 1057 3353 dicam,
1074 3281 1125 3339 ‘um
1145 3288 1219 3340 einen

710 3371 781 3476 gpnz,
798 3356 915 3422 gelinden
934 3356 1068 3408 husdruck
1091 3371 1122 3407 zu
1146 3356 1221 3407 hreu-

710 3439 791 3477 cen.

742 3494 949 3555 commendauit,
974 3485 1028 3543 ‘hat
1052 3505 1218 3556 angemessen

709 3560 759 3613 und
784 3561 952 3627 eindringlich
974 3555 1139 3625 dargestellt';
1164 3558 1218 3625 vgl.

709 3633 732 3693 5,
752 3632 775 3682 8.

745 3699 799 3750 102.
818 3698 978 3762 Ideoque-
995 3699 1150 3747 consecutus
1167 3699 1215 3744 ast.

707 3766 793 3817 Livius
810 3766 933 3816 erreichte
952 3763 1031 3814 durch
1048 3761 1140 3814 audere
1154 3760 1215 3813 Vor-

707 3832 915 3952 (zidgehgdleichep
937 3830 1020 3950 Rtphm
1044 3830 1094 3881 wie
1119 3828 1215 3882 Sallust

724 3915 768 3952 nro
820 3915 846 3951 re
865 3914 946 3951 acaci
975 3917 997 3951 s.
