2684 4508
160 226 201 286 42
540 227 647 280 curor
665 229 683 282 x
702 228 718 296 e
736 230 843 284 ea-ee.

160 408 331 471 stimonium
346 415 399 479 est,
415 405 445 465 in
462 407 542 466 hunc
556 407 712 468 transferri
724 405 883 468 iustissime
893 405 994 486 possit,
1011 405 1041 465 in
1058 403 1148 467 labris
1166 406 1236 468 eius

107 499 137 550 83
160 496 270 556 sedisse
285 491 430 570 quandam
444 491 641 570 persuadendi
653 492 746 552 dcam.
777 491 853 563 Quid
865 490 1048 570 reliquorum
1061 490 1235 553 Socratico-

161 596 225 638 rum
241 572 436 656 elegantiam?
453 575 529 646 Quid
545 577 670 638 Aristo
680 575 812 638 telem‘l
828 595 917 655 quem
928 576 1029 638 dubito
1042 576 1168 637 seientia
1184 595 1234 638 re·

159 682 227 724 rum
242 681 279 722 an
296 661 475 740 scriptorum
491 661 576 741 copia
591 680 628 722 an
644 661 804 740 eloquendi
816 663 956 723 suavitate
968 680 1004 722 an
1021 661 1233 725 inventionum

159 747 294 809 acumine
309 765 347 806 an
364 745 502 807 varietate
518 765 641 827 operum
658 747 812 807 clariorem
828 755 938 824 putem.
968 747 1041 806 Nam
1056 746 1086 807 in
1104 747 1208 808 Theo
1218 780 1232 795 -

159 834 316 913 phresto
340 841 400 892 tam
422 839 467 892 est
487 831 627 910 loquendi
648 832 729 891 nitor
751 830 799 891 ille
819 831 943 906 divinus,
966 841 999 892 ut
1014 851 1050 892 ex
1065 850 1100 893 eo
1116 851 1231 894 nomen

107 928 136 979 84
159 936 277 997 quoque
292 916 415 978 traxisse
430 916 553 977 dicatur.
584 916 681 976 Minus
702 915 852 977 indulsere
868 915 1054 993 eloquentiae
1069 916 1164 978 Stoici
1179 937 1231 979 ve·

158 1013 250 1079 teres3
262 1004 312 1064 sed
325 1020 391 1063 cum
402 1002 528 1062 honesta
539 1009 697 1063 suaserunt
707 1010 770 1061 tum
782 1001 812 1060 in
826 1001 990 1080 colligendo
1002 1002 1229 1082 probandoque,

159 1107 233 1167 quac
248 1087 621 1167 instituerant,plurimum
637 1087 801 1158 valuerant,
824 1085 914 1147 rebus
928 1095 1026 1147 tamen
1042 1088 1121 1148 acuti
1135 1089 1230 1168 magis

159 1192 257 1252 quam,
273 1174 302 1234 id
318 1174 396 1252 quod
412 1190 483 1234 sanc
499 1191 560 1232 non
576 1172 806 1244 adfectaverant,
822 1171 956 1232 oratione
971 1172 1129 1249 magnifici.

105 1269 134 1322 85
241 1259 320 1321 ldcm
337 1258 423 1319 nohis
445 1276 499 1336 per
514 1258 664 1319 Romanos
686 1275 806 1336 quoque
821 1265 956 1318 auctores
977 1257 1050 1317 ordo
1074 1258 1230 1320 ducendus

159 1354 212 1406 est.
242 1347 343 1424 ltaque
359 1352 391 1403 ut
406 1343 483 1422 apud
499 1342 565 1403 illos
576 1343 732 1417 Homerus,
749 1343 791 1403 sic
806 1342 884 1422 apud
900 1361 955 1402 nos
966 1342 1160 1421 Vergilius
1176 1363 1229 1405 au·

159 1431 384 1509 spicatissimum
399 1427 512 1487 dederit
526 1428 694 1501 exordium,
713 1428 848 1488 omnium
863 1427 926 1488 eius
940 1428 1058 1505 generis
1072 1436 1230 1506 poetarum

105 1524 136 1579 86
159 1515 338 1577 Graecorum
354 1520 585 1591 nostrorumque
606 1514 683 1574 haud
705 1512 795 1573 dubie
816 1517 845 1574 ei
862 1512 1024 1591 proximus.
1056 1512 1126 1572 Utar
1148 1515 1230 1575 enirn

158 1601 255 1662 verbis
270 1599 370 1670 isdem,
386 1615 462 1675 quac
478 1617 513 1657 ex
529 1598 600 1658 Afro
615 1598 743 1659 Domitio
759 1598 872 1658 iuvenis
888 1597 1005 1676 excepi3
1028 1597 1079 1700 pui
1094 1598 1166 1659 mihi
1182 1600 1229 1660 in·

157 1683 327 1762 terroganti‚
347 1701 433 1761 quem
449 1682 578 1744 Homem
591 1684 724 1744 crederet
733 1684 859 1744 maxime
870 1683 1017 1756 accedere,
1045 1674 1228 1758 Secundus',

157 1769 263 1847 inquit,
277 1762 336 1829 ‘est
349 1767 503 1846 Vergilius,
516 1768 639 1848 propior
650 1776 748 1829 tamen
761 1768 857 1847 primo
874 1786 962 1846 quam
973 1758 1090 1829 tertio'.
1106 1768 1144 1829 Et
1158 1769 1228 1832 her-

113 1928 116 1933 ·
157 1853 223 1914 cole
239 1861 272 1913 ut
286 1853 326 1913 illi
344 1860 467 1913 naturae
483 1853 600 1914 caelesti
615 1861 704 1932 atque
719 1852 868 1913 inmortali
883 1853 1067 1925 cesserimus,
1083 1853 1122 1913 ita
1138 1873 1228 1917 curae

157 1948 186 1999 et
202 1938 368 2017 diligentiae
382 1938 428 1997 vel
443 1937 509 1998 ideo
525 1939 555 1999 in
571 1939 628 1999 hoc
643 1939 711 2018 plus
726 1947 784 2011 est,
808 1939 887 2016 quod
912 1938 938 1998 ei
962 1938 1016 1998 fuit
1030 1939 1123 2018 magis
1145 1939 1226 2000 labo

156 2025 297 2099 randnm;
321 2032 349 2084 et
365 2032 508 2102 quantum
524 2024 724 2085 eminentibus
739 2023 899 2095 vincimur,
916 2023 1038 2085 fortasse
1054 2024 1227 2103 aequalitate

190 2212 230 2264 83.
249 2208 384 2261 Socratici
409 2225 429 2261 s.
448 2209 464 2276 ξ
484 2211 523 2262 35.
715 2202 1226 2280 σπέσωνᾌριστοτέληεμετωνόμασεν.

170 2279 363 2397 1σιξεςιιζιὴάηι,
384 2247 586 2342 ²hunstgemialse
604 2277 664 2328 liar·
715 2279 791 2397 mih
804 2293 872 2344 quaa
884 2279 1065 2341 instituerant,
1076 2269 1138 2326 ‘ihre
1147 2272 1226 2324 Lehr·

155 2361 194 2399 se
215 2361 249 2398 an
278 2381 284 2395 .
756 2359 802 2399 ae.

190 2360 354 2478 Arielotoles,
371 2413 484 2478 gehoren
503 2414 552 2464 384
569 2428 593 2464 v.
607 2412 664 2465 Chr.
749 2416 827 2464 reduc
845 2416 926 2478 acuti,
943 2407 1053 2465 ‘seherio
1069 2404 1185 2463 Denker’.

156 2499 187 2535 aa
206 2482 305 2548 Stagira
323 2481 349 2531 in
366 2479 548 2544 Makedonien,
573 2481 665 2534 Lehrer
751 2484 791 2534 85.
812 2483 955 2548 Vergilias,
973 2485 1072 2533 70-19
1091 2496 1115 2530 v.
1134 2478 1190 2529 Chr.

156 2551 201 2604 des
209 2551 307 2617 jungeri
319 2549 470 2615 Alexander,
488 2549 532 2600 der
548 2549 665 2601 berdhm·
748 2552 991 2616 ampiaatttsimam
1007 2549 1156 2611 exordium,
1173 2545 1228 2612 vgl.

156 2623 222 2670 teste
233 2617 285 2670 and
300 2617 455 2683 gelehrteste
467 2616 608 2684 Philosoph
619 2617 665 2669 des
717 2617 777 2670 Tac.
796 2617 879 2670 Germ.
900 2621 927 2668 11
948 2616 1058 2679 mendis
1080 2617 1159 2664 reios
1177 2615 1229 2666 hoc

155 2687 302 2746 Altertums,
321 2684 521 2737 dessenlehren
537 2684 665 2750 surlange
716 2687 957 2752 auspicatissimum
974 2684 1082 2732 initium
1106 2680 1228 2734 credunt.

155 2754 210 2805 Zeit
245 2752 409 2818 malsgebend
445 2767 566 2819 genesen
593 2752 664 2816 sind,
751 2751 1030 2812 86.Afar1)amitiaa,
1049 2747 1089 2798 ein
1109 2747 1228 2801 berdhm-

155 2822 224 2874 starh
247 2820 273 2870 in
294 2819 473 2885 charitosae,
495 2821 547 2887 vgl.
570 2819 666 2889 Diony·
717 2829 763 2884 ter,
782 2835 832 2870 von
846 2818 931 2878 Quint
950 2815 989 2866 oit
1006 2818 1147 2881 genannter
1160 2815 1229 2869 Red-

155 2890 221 2942 sins:
240 2884 435 2956 παραληπτέον
447 2884 478 2940 δὲ
489 2893 534 2940 καὶ
544 2883 665 2960 ‘Apmc
715 2904 768 2940 aer.
787 2874 856 2937 l'lher
863 2884 905 2936 die
915 2882 1034 2950 Stellang
1042 2882 1086 2934 der
1097 2882 1186 2936 Worte
1195 2914 1227 2925 «-

154 2953 217 3022 τέλη
235 2955 271 3007 eie
287 2960 403 3075 pipam
423 2956 470 3022 cis
486 2975 516 3008 re
534 2961 597 3038 napi
613 2953 665 3022 τὴν
715 2954 817 3007 ihnlioh
834 2954 869 3004 im
892 2951 1028 3017 folgenden
1047 2951 1228 3019 Peragrephen

154 3024 299 3096 ἑρμηνείαν
334 3021 469 3091 stampais
490 3028 536 3076 καὶ
553 3040 600 3090 τηε
616 3040 664 3074 σα·
714 3025 847 3075 Atacinus
870 3022 958 3074 Varro
981 3049 1013 3058 -
1037 3035 1056 3071 s.
1080 3019 1227 3088 Einleitang

154 3097 265 3164 papulas
286 3095 331 3143 καὶ
353 3091 401 3143 τοῦ
424 3088 499 3158 vidiae
521 3096 566 3144 καὶ
584 3087 664 3145 πολυ-
716 3091 741 3144 S.
762 3093 800 3142 13.

153 3160 267 3230 parionis.
749 3165 864 3211 achim
887 3157 1001 3209 caelesti.
1038 3157 1175 3218 Caelestis,
1200 3159 1226 3208 in

187 3229 266 3295 Nam,
283 3244 304 3280 s.
322 3229 337 3292 ἐ
358 3229 397 3281 ta.
715 3228 798 3281 dieser
813 3229 999 3292 tibertragenen
1012 3225 1163 3291 Bedeatung
1175 3241 1227 3277 von

191 3297 378 3362 Theophrasto.
404 3294 437 3347 Er
456 3311 509 3346 war
527 3309 559 3345 aa
571 3293 664 3346 Eresos
715 3297 765 3349 den
783 3295 902 3348 Dichtem
919 3295 946 3345 in
964 3294 1005 3346 die
1022 3294 1101 3346 Prosa
1119 3293 1228 3359 liberae·

154 3366 200 3418 aui
221 3365 316 3416 Lesbos
341 3365 388 3416 371
412 3379 437 3415 v.
460 3363 517 3414 Chr.
543 3362 664 3428 gehoren,
716 3379 829 3432 gangen,
847 3362 928 3414 iindet
945 3363 999 3414 sich
1018 3363 1084 3414 noch
1097 3362 1148 3414 Gic.
1161 3361 1227 3414 Phil.

156 3433 242 3487 warde
260 3432 309 3484 322
327 3430 483 3498 Nachiolger
504 3430 549 3483 des
568 3431 665 3482 Aristo·
717 3433 747 3498 V,
767 3435 807 3497 11,
825 3434 871 3492 283
889 3431 953 3498 Epp.
972 3430 1003 3482 ad
1021 3430 1126 3483 Brutum
1144 3430 1173 3491 ΙΙ,
1186 3433 1209 3482 t.

155 3502 220 3554 teies
236 3500 275 3550 als
287 3499 379 3550 Lehrer
392 3498 437 3552 der
449 3499 664 3566 peripatelischen
751 3503 912 3563 cesserimus,
924 3500 988 3551 tiber
999 3498 1040 3551 die
1052 3503 1119 3551 erste
1129 3497 1225 3552 Person

155 3569 249 3621 Schule
267 3582 299 3617 zu
317 3567 400 3618 Athen
417 3567 470 3620 und
488 3567 558 3619 slarh
576 3569 634 3621 287.
715 3570 761 3622 des
780 3568 865 3621 Plural
882 3568 934 3634 egl.
953 3569 968 3632 ἐ
987 3569 1027 3619 93.
1045 3570 1086 3618 99.
1107 3571 1163 3620 tot.

187 3651 283 3687 amnon
305 3637 431 3687 bachea.
462 3635 512 3688 (lic.
537 3634 604 3687 Orat
625 3638 664 3701 19,
748 3639 932 3688 eminentitau.
965 3633 1098 3686 iiiernnter
1114 3636 1171 3688 sind
1189 3635 1229 3688 oi-

152 3706 185 3758 62
200 3703 247 3754 Th.
264 3703 407 3753 divinitate
425 3704 552 3770 loquendi
568 3720 664 3756 nomon
716 3706 806 3758 ienhar
818 3706 859 3756 die
869 3702 1047 3770 Glenzpartien
1057 3702 1125 3755 heim
1134 3704 1227 3757 Homer

152 3775 263 3823 invenit.
290 3770 363 3837 Diog.
382 3771 463 3825 Laert.
481 3771 512 3838 V,
531 3775 577 3826 38:
600 3773 664 3824 thi-
715 3790 747 3827 zu
774 3773 923 3835 verstehen,
951 3770 1050 3822 welche
1074 3771 1155 3826 Horta
1179 3773 1227 3824 Ars

152 3858 215 3903 τον,
248 3833 388 3908 thrapov
414 3833 574 3922 λεγόμενον,
602 3837 664 3894 Oai·
716 3847 784 3910 poet.
799 3845 847 3894 144
859 3841 977 3906 speciosa
988 3840 1122 3893 miracala
1139 3846 1226 3894 nennt.

153 3921 277 3978 ppaaaoa
294 3902 338 3958 διὰ
363 3905 394 3960 τὸ
411 3924 458 3974 τηε
475 3906 600 3980 φράσεως
617 3909 664 3962 θα·
750 3909 921 3976 capitalium,
939 3920 960 3959 s.
979 3907 996 3972 d
1016 3910 1056 3959 54.
