2684 4508
155 246 197 313 68
569 251 677 306 corun
695 251 732 306 tu.
751 254 766 319 s
785 255 893 308 tc-eo

104 439 133 490 tc
155 438 263 492 toneat.
293 429 349 491 Sed
365 445 431 489 cum
448 429 476 488 in
495 429 576 489 omni
596 428 761 490 studiorum
782 446 893 508 genere
913 436 975 488 tum
991 427 1021 488 in
1037 428 1094 488 hoo
1110 428 1232 506 praeci·

156 532 215 596 pue
230 514 309 575 bona
323 514 468 588 valetudo,
484 530 618 593 quaeque
633 530 696 574 eam
711 513 837 574 maxime
852 521 989 593 praestat,
1005 512 1157 592 frugalitas
1172 532 1232 574 ne-

156 599 281 661 cessaria
297 606 357 673 ost;
372 614 439 658 oum
454 607 589 678 tempora
603 598 639 659 ab
654 599 717 679 ipsa
740 616 840 659 rerum
856 607 961 659 natura
976 599 1011 659 ad
1026 597 1157 676 quietem
1179 616 1231 659 re·

156 685 374 762 lectionemque
390 683 477 744 nobis
488 684 553 744 dota
564 684 594 743 in
607 683 782 744 acerrimum
793 684 925 744 laborem
937 683 1145 745 convertimus.
1173 683 1231 745 Cui

156 779 255 831 tamen
278 785 339 830 non
361 769 428 848 plus
449 768 645 848 inrogandum
666 777 711 828 est
732 785 821 846 quarn
842 769 923 847 quod
943 787 1048 830 somno
1069 769 1230 848 supererit,

106 862 134 914 u
156 853 232 917 baud
249 853 350 915 doerit.
382 853 485 914 Obstat
500 851 579 913 enim
594 848 763 931 diligentiae
775 852 926 914 scribendi
939 853 1025 914 etiem
1040 853 1182 931 fatigatio,
1197 863 1231 915 et

157 938 283 1011 abunde,
299 938 323 1000 si
340 947 429 1011 vacet,
444 937 518 999 lucis
533 937 624 1017 spotia
635 937 803 1013 sufficiunt3
819 947 979 1018 occupatos
989 938 1021 998 in
1037 948 1157 999 noctem
1172 958 1229 1001 ne-

157 1023 277 1087 cessitas
292 1023 359 1103 agit.
389 1023 441 1084 Est
455 1031 552 1084 tamen
574 1020 750 1096 lucubratio,
773 1022 911 1101 quotiens
934 1024 1047 1108 adeam
1065 1024 1174 1102 integri
1190 1043 1227 1086 ac

156 1109 258 1171 relecti
274 1109 418 1180 redimus,
437 1108 582 1188 optimum
594 1107 700 1168 secreti
715 1124 819 1187 genus.

106 1203 135 1257 28
240 1194 297 1257 Sed
313 1194 463 1256 silentium
479 1201 508 1254 et
522 1206 657 1255 secessus
671 1201 700 1253 et
718 1192 850 1271 undique
865 1192 942 1254 liber
961 1193 1087 1266 animm,
1109 1202 1142 1254 ut
1157 1202 1230 1256 sunt

156 1279 283 1342 maxime
300 1278 436 1359 optanda,
463 1278 502 1339 ita
524 1296 585 1338 non
609 1294 726 1356 semper
744 1287 871 1358 possunt
890 1279 1074 1356 contingere,
1100 1277 1230 1360 ideoque

158 1382 219 1426 non
235 1365 341 1437 statim,
362 1364 386 1426 si
403 1363 473 1442 quid
488 1362 649 1442 obstrepet,
671 1362 817 1424 obiciendi
838 1364 955 1424 codices
976 1371 1066 1424 erunt
1081 1371 1110 1424 et
1124 1365 1230 1444 deplo-

156 1451 268 1512 randus
283 1449 360 1524 dies;
383 1466 484 1509 uerum
506 1445 703 1509 incommodis
724 1449 953 1527 repugnandum
968 1456 997 1508 et
1011 1447 1059 1508 hic
1074 1449 1230 1512 faciendus

157 1552 238 1603 usus,
265 1543 298 1594 ut
319 1532 417 1594 omnia
438 1548 513 1612 quae
536 1533 699 1612 impedient
721 1533 820 1594 vincet
834 1534 975 1608 intentio;
1002 1551 1090 1611 quam
1116 1533 1141 1595 si
1167 1542 1230 1596 tota

103 1625 107 1635 “
156 1629 258 1682 monte
273 1620 303 1679 in
320 1636 396 1698 opus
410 1618 507 1697 ipsum
522 1617 672 1691 direxeris,
689 1618 762 1678 nihil
776 1635 890 1693 eorum,
912 1635 987 1697 quae
1003 1618 1096 1680 oculis
1111 1620 1157 1680 vel
1173 1636 1227 1680 au-

106 1714 135 1766 29
156 1703 239 1766 ribus
251 1705 414 1775 incursent,
430 1703 466 1762 ad
478 1703 610 1763 animum
621 1703 781 1780 perveniet.
811 1703 856 1764 ln
869 1721 939 1764 uero
951 1705 1124 1782 frequenter
1138 1705 1230 1766 etiam

156 1789 277 1849 fortuita
293 1789 349 1848 hoc
363 1787 501 1865 cogitatio
517 1797 653 1867 praestat,
672 1797 704 1848 ut
720 1788 820 1849 obvios
834 1807 896 1850 non
911 1788 1062 1850 videamus
1077 1798 1107 1849 ct
1117 1789 1229 1852 'itinere

155 1873 342 1935 deerremus:
363 1890 424 1932 non
447 1888 664 1951 consequemur
685 1873 809 1946 idumei
825 1882 854 1933 et
868 1871 1067 1934 voluerimus?
1096 1874 1162 1935 Non
1182 1883 1230 1937 est

156 1958 370 2038 indulgendum
392 1958 488 2018 causis
510 1957 647 2019 desidiae.
690 1957 763 2018 Nam
783 1957 808 2018 si
830 1958 950 2019 nonnisi
971 1959 1083 2031 relecti,
1106 1960 1228 2022 nonnisi

157 2042 274 2116 hilares,
296 2043 417 2104 nonnisi
439 2042 577 2104 omnibus
598 2042 662 2103 eliis
683 2043 762 2103 curis
782 2052 919 2104 vacantes
934 2044 1111 2105 studendum
1128 2044 1228 2106 existi·

105 2139 135 2191 att
156 2130 311 2191 mammes:
338 2144 456 2208 semper
478 2128 534 2188 erit
555 2136 679 2206 propter
701 2126 778 2207 quod
796 2128 882 2189 nobis
897 2129 1092 2208 ignoscemus.
1128 2129 1228 2200 Quare

157 2214 189 2276 in
205 2214 301 2286 turba,
316 2213 432 2285 itinere,
457 2213 596 2274 conviviis
617 2213 704 2273 etiam
725 2213 814 2274 faciat
825 2213 880 2274 sibi
897 2213 1036 2292 cogitatio
1051 2213 1111 2293 ipsa
1124 2231 1225 2274 secre-

156 2308 229 2360 tum.
260 2297 336 2370 Quid
353 2298 461 2375 alioqui
477 2299 535 2371 ssot,
558 2300 626 2357 cum
647 2298 678 2357 in
701 2298 797 2359 medio
817 2299 892 2373 loro,
908 2306 952 2359 tot
966 2295 1224 2360 circumstantibus

156 2384 280 2456 iudiciis,
302 2382 415 2460 iurgiis,
438 2382 565 2443 fortuitis
581 2384 668 2443 etiam
691 2382 877 2457 clamoribus,
901 2383 956 2444 erit
970 2384 1069 2444 subito
1083 2382 1224 2445 continua

157 2471 292 2530 oratione
312 2467 480 2531 dicendum.
501 2468 526 2529 si
541 2467 706 2547 particulas,
728 2484 802 2546 quas
823 2469 900 2530 ceris
920 2468 1102 2543 mandamus,
1123 2467 1181 2530 nisi
1195 2467 1226 2529 in

156 2554 316 2617 solitudine
328 2553 460 2633 reperire
478 2570 538 2613 non
558 2549 738 2632 possumus?
753 2553 879 2634 Propter
894 2572 968 2632 quae
979 2553 1056 2614 idem
1069 2554 1117 2615 ille
1128 2561 1229 2615 unlus

191 2703 395 2767 ldfmgolitae,
404 2702 438 2752 im
446 2702 580 2754 weltestcn
588 2701 667 2755 Sinne
719 2704 804 2753 oculto
820 2703 854 2754 ist
872 2703 913 2754 cin
926 2707 1006 2755 etwas
1025 2702 1152 2755 stiirkerer
1163 2704 1229 2756 Aue·

157 2784 189 2823 eu
213 2760 348 2831 versteltn,
371 2770 424 2836 vgl.
441 2769 493 2835 xit,
513 2773 535 2831 t,
557 2772 585 2821 8:
607 2786 666 2837 ogo,
717 2770 958 2838 druckols516iu
976 2773 1229 2824 oculoeineumro.

156 2855 211 2890 noo
224 2839 261 2889 od
272 2837 448 2904 perferendos
459 2838 610 2890 studiorum
628 2839 666 2890 lo·
717 2838 767 2891 lier
777 2838 833 2890 Det.
852 2838 888 2890 iot
900 2855 946 2891 eus
958 2838 1004 2891 der
1015 2839 1228 2907 Dicbiempreobe

157 2909 233 2958 bom
249 2909 400 2958 necessario
421 2905 513 2973 frug
522 2924 539 2958 o
548 2907 577 2957 li
587 2913 622 2959 to
631 2909 665 2958 s?
717 2908 742 2958 in
760 2904 802 2958 (lie
814 2907 916 2973 spitere
929 2907 1007 2959 Proca
1021 2908 1228 2975 ubergegangem

157 2974 229 3039 Quid
245 2990 309 3039 argo
334 2991 370 3025 erc
394 2975 539 3026 libidine
559 2990 592 3027 oe
615 2976 665 3027 lu·
748 2976 790 3028 29.
812 2975 884 3026 idem
901 2975 1004 3028 beziebi
1022 2976 1077 3028 eicit
1095 2976 1167 3028 nicht
1184 2975 1232 3028 ttul

155 3046 260 3094 erario
277 3042 350 3108 epoti
714 3041 760 3095 dae
776 3043 940 3096 unmittelbnr
957 3042 1178 3110 Vorbergehende.

192 3126 251 3162 mem
273 3138 304 3148 -
324 3113 513 3175 convertimur,
535 3106 667 3162 ‘ubbrend
751 3114 792 3164 30.
812 3112 1018 3164 tot-tudiciis.
1041 3112 1069 3164 ln
1074 3111 1148 3178 jeder
1157 3110 1231 3165 Basi-

157 3176 206 3231 ulr
223 3171 401 3242 verwendeo',
424 3177 522 3242 sodels,
548 3178 599 3230 wie
624 3178 665 3230 bei
716 3177 770 3231 liba
794 3178 899 3232 wurden
916 3180 1031 3232 mebrere
1049 3179 1168 3232 Geriebte
1185 3194 1231 3232 ne·

157 3256 220 3310 mis,
247 3248 289 3300 die
306 3245 413 3298 keutale
435 3243 588 3312 Redeutung
610 3259 668 3298 vor·
716 3247 889 3300 beneinander
913 3248 1066 3314 abgehalten
1086 3247 1138 3301 und
1159 3262 1231 3300 zuar

156 3315 283 3381 berrscbt,
298 3316 350 3381 vgl.
362 3314 380 3378 i,
393 3317 417 3379 6,
430 3316 456 3365 2:
469 3317 618 3365 memnon
633 3317 665 3365 ab
717 3315 744 3366 in
761 3315 807 3367 der
824 3315 904 3382 Regel
924 3317 992 3382 uier,
1016 3317 1068 3384 rgl.
1085 3315 1137 3380 xit,
1155 3320 1181 3382 b,
1199 3319 1229 3370 6:

156 3386 311 3435 oratoribus
331 3384 374 3433 ool
396 3384 532 3433 dietericus
551 3384 611 3447 peti
625 3397 666 3434 so·
717 3397 777 3434 oum
794 3385 824 3433 t'n
842 3386 953 3436 basilico
965 3385 1036 3437 Iulio
1053 3387 1155 3437 diecret
1167 3387 1230 3451 pn·-

157 3453 194 3503 let
215 3480 248 3489 -
271 3465 347 3502 eum
372 3464 535 3501 summorum
557 3453 587 3501 r‘n
613 3451 665 3502 odo·
715 3464 759 3502 mo
777 3453 911 3503 mbunob'
926 3451 1087 3519 (Trachalus)
1110 3457 1230 3519 quanm

157 3523 266 3585 parentio
280 3522 401 3569 orborum
412 3518 542 3569 iodicium
551 3533 604 3584 pro
621 3535 665 3570 ra·
717 3520 929 3586 arriomanitae,
945 3524 1072 3572 utmon'r
1088 3527 1134 3585 est,
1153 3536 1230 3586 coge·

124 3634 128 3643 ,
157 3590 242 3651 tione,
265 3591 291 3637 ct
314 3584 356 3636 vel
372 3600 451 3637 mor
467 3587 593 3638 bobertus
610 3593 667 3638 eet
715 3588 813 3640 rentur
844 3593 925 3654 utque
951 3593 1041 3641 omorio
1068 3590 1230 3641 oimuoribtu

156 3655 364 3720 magnentiacos
380 3655 556 3720 coquentibus.
715 3655 869 3722 fremerent,
887 3658 1047 3709 stauilitum
1065 3673 1125 3709 eom
1142 3662 1170 3708 et
1186 3659 1229 3708 in·

191 3725 233 3775 28.
267 3723 381 3785 codices,
411 3721 466 3774 sind
498 3721 573 3775 Helie
605 3722 666 3776 oder
716 3725 850 3776 albolum
869 3729 904 3790 et,
921 3725 1145 3792 condegentium
1162 3729 1229 3777 eote·

158 3788 353 3854 Schreibtaielu,
372 3805 392 3843 s.
410 3792 426 3856 5
446 3793 485 3843 ³2.
715 3794 756 3842 ris
772 3793 1064 3845 contumeliosissimum
1087 3794 1153 3858 licit,
1168 3793 1229 3844 lou-

156 3884 160 3891 .
191 3852 332 3920 faciendus
347 3874 420 3924 urus,
436 3859 488 3926 ugl.
506 3861 531 3924 2,
550 3863 573 3912 l.
716 3859 808 3910 dotum
831 3875 937 3926 quoque
953 3877 988 3912 ec
1009 3868 1126 3930 quotuor
1143 3863 1228 3913 trilat-

192 3942 316 3994 quoe-
341 3930 497 3992 incursant,
522 3930 666 3979 incursuro
715 3927 821 3978 noiibus
838 3931 954 3983 munioni.
