2684 4508
144 234 186 299 80
527 237 634 291 carus
653 237 737 304 vus
758 241 831 291 r-s.

105 423 122 473 2
143 422 227 475 vecta
241 431 303 473 nnn
320 413 422 492 possit.
455 412 605 492 Siquidem
627 411 858 474 innumerabiles
878 412 1017 473 accidunt
1031 411 1146 473 subitae
1163 429 1218 472 ne·
1265 428 1266 432 ’

146 498 295 560 cessitates
315 497 360 559 vel
381 498 458 577 aputl
477 499 663 577 magistratus
682 498 730 558 vel
747 497 976 577 repraesentatis
990 496 1104 559 iudiciis
1120 497 1219 559 cunti·

145 602 208 645 nuc
223 582 338 662 agendi.
369 583 500 654 Quarum
522 584 630 662 siqua,
646 603 707 645 non
728 583 795 644 dico
818 583 995 660 cuicumque
1009 581 1217 643 innocentium

145 668 262 742 civium,
285 668 335 729 sed
348 669 511 729 amicorum
526 687 561 730 ae
579 668 818 748 propinquarum
829 667 915 729 alicui
927 667 1072 734 evenerit:
1087 665 1218 729 stabitne

145 762 245 815 mutus
259 761 289 814 et
303 753 459 815 salutarem
474 752 646 832 petentibus
666 772 767 815 vocem
786 753 954 831 statimque,
975 753 1000 814 si
1016 771 1077 815 nen
1093 770 1218 814 succur-

146 848 238 911 ratur,
254 838 394 918 perituris
408 857 507 900 meras
521 847 551 899 et
564 857 713 901 secessum
729 847 758 899 et
773 838 922 900 silentium
938 846 1068 916 quaeret,
1084 835 1219 899 dumille

145 923 233 985 verba
248 923 432 985 fabricentur
447 932 476 985 et
491 924 650 986 memoriae
665 922 795 985 insidant
810 932 839 984 et
850 942 905 985 vcx
919 941 955 985 ac
968 923 1045 984 latus
1059 940 1219 1003 praeparc-

107 1019 124 1069 e
145 1007 216 1070 turi
232 1009 398 1080 Quaerere
414 1009 525 1089 patitur
544 1010 601 1070 bcc
616 1009 701 1083 ratio,
723 1009 924 1087 nequisquam
941 1007 1035 1087 possit
1047 1016 1150 1069 crater
1166 1006 1218 1068 ali-

145 1095 265 1172 quande
288 1095 424 1156 omittere
445 1092 551 1158 casus?
581 1094 673 1168 Quid,
701 1113 769 1157 cum
789 1093 953 1154 adversarie
973 1092 1220 1172 respondendum]

147 1178 217 1251 erit,
239 1177 310 1241 siet?
338 1180 413 1240 Nam
429 1199 517 1260 saepe
539 1199 588 1251 ea,
611 1199 686 1260 quae
707 1179 819 1258 cpiuati
839 1197 943 1240 sumus
968 1187 998 1239 et
1018 1187 1122 1239 centra
1142 1195 1219 1256 quae

146 1264 328 1343 scripsimus,
343 1265 458 1338 fallunt,
474 1284 508 1326 ac
525 1274 586 1326 tcta
597 1265 695 1327 subito
707 1282 793 1325 causa
806 1272 949 1340 mutatum
965 1272 1053 1342 atquc
1067 1273 1099 1324 ut
1109 1262 1220 1341 guber·

147 1351 244 1411 natcri
265 1351 300 1411 atl
320 1350 458 1412 incursus
473 1351 691 1430 tempestatium
705 1350 747 1412 sic
768 1349 867 1428 agenti
882 1349 917 1410 ad
934 1349 1101 1410 varietatem
1116 1366 1220 1410 causa·

107 1447 125 1498 4
146 1454 212 1497 rum
227 1436 303 1496 ratio
319 1435 459 1496 mutanda
474 1444 529 1498 est.
558 1435 636 1507 Quid
651 1454 742 1515 perro
756 1434 867 1497 mnitus
881 1434 965 1496 stilus
980 1442 1009 1494 et
1024 1433 1143 1496 adsidua
1159 1431 1220 1495 lec·

147 1521 189 1582 tin
211 1528 240 1582 et
260 1521 350 1599 longa
370 1520 534 1582 studiorum
556 1529 636 1582 aetas
656 1519 739 1593 facit,
766 1520 791 1581 si
812 1527 912 1581 manet
933 1519 1138 1597 eademquae
1166 1517 1221 1581 fuit

80 1677 83 1684 ¹
148 1605 360 1685 incipientibus
375 1604 552 1667 difficultas?
572 1605 688 1667 Perisse
703 1605 838 1684 profectu
854 1605 1057 1666 confitendum
1073 1612 1119 1665 est
1132 1621 1221 1682 prae·

148 1690 268 1750 teritum
290 1689 431 1762 laborem,
455 1691 502 1750 cui
523 1709 640 1769 semper
660 1690 736 1750 idem
752 1690 945 1754 laborandum
961 1698 1014 1750 est.
1044 1689 1149 1766 Neque
1165 1706 1220 1767 ege

147 1775 204 1834 boc
224 1793 289 1853 ago,
316 1783 349 1834 ut
369 1792 404 1833 ex
427 1782 562 1854 tempore
584 1775 681 1835 dicere
702 1774 783 1834 malit
802 1774 853 1836 sed
874 1782 907 1835 ut
928 1774 1030 1853 pessit.
1066 1773 1097 1834 lu
1122 1781 1219 1834 autem

147 1859 271 1919 maxime
287 1860 342 1920 boc
358 1860 446 1919 modo
463 1877 690 1939 consequemur.

108 1958 124 2006 5
231 1945 304 2004 tha
320 1945 358 2005 sit
373 1944 500 2023 primum
517 1944 633 2007 dicendi
648 1944 702 2007 via.
732 1944 834 2027 Neque
851 1944 930 2004 enim
946 1942 1029 2022 prius
1045 1943 1221 2022 contingere

148 2077 280 2143 Priguanz
307 2077 438 2158 angestiqt.
482 2077 528 2129 Ein
557 2077 658 2130 solciuer
742 2079 766 2130 3.
783 2077 864 2141 ratic,
883 2075 924 2129 die
941 2075 1051 2145 Thecrie
1070 2073 1221 2128 derBered·

148 2144 326 2197 Anwaitwird
336 2145 382 2196 mit
395 2160 476 2197 emern
488 2145 657 2198 Stenermann
708 2143 825 2196 samkeit.
862 2142 1004 2210 Wicbtiger
1025 2143 1063 2194 ais
1084 2143 1128 2195 die
1145 2143 1222 2210 prali-

149 2213 296 2279 vergiichen
314 2215 344 2277 (s.
357 2213 374 2280 ξ
387 2217 425 2278 3),
443 2213 500 2278 der,
524 2215 590 2267 nime
607 2213 657 2266 den
709 2212 808 2265 tischen
823 2211 995 2265 Peicksiebten
1014 2211 1072 2263 sind
1085 2211 1127 2264 die
1141 2212 1221 2264 Grun-

148 2281 275 2334 Gesahren
286 2281 337 2333 und
347 2280 586 2348 Sebwierigkeitem
596 2281 659 2333 wel·
709 2281 748 2346 de,
759 2280 857 2332 welche
865 2278 1077 2332 ausder'l'beorie
1084 2277 1222 2346 gescnnpn

148 2349 659 2415 chejedenAugenblickeintretenkbn-
710 2349 820 2412 werden.

148 2417 660 2552 etetttnttttttrtmtt'*tt:
710 2413 1223 2549 stiwtbssbssbbiiubfflf

148 2554 285 2619 aulantem,
315 2553 408 2606 dessen
437 2553 554 2621 Eingang
580 2554 660 2608 durcb
709 2569 779 2620 mur,
795 2554 843 2604 sed
859 2556 990 2617 emisisse,
1008 2554 1072 2619 quic
1087 2554 1221 2617 pessimus

148 2621 258 2690 Klippen
283 2621 334 2674 und
352 2621 506 2675 Snndbiinke
527 2622 660 2689 gesibrdet
710 2624 790 2673 etiam
807 2624 864 2672 sine
881 2624 919 2672 cte
935 2623 1050 2672 vincere.

148 2690 190 2742 ist.
745 2705 829 2740 ecana.
856 2688 941 2749 Quint.
959 2688 1021 2739 bebt
1035 2687 1149 2740 vieliaeb
1163 2687 1218 2740 ber-

183 2760 207 2810 2.
225 2759 444 2822 repraesentatis,
465 2750 595 2824 ‘plbtziicb
614 2770 659 2808 an·
710 2771 764 2822 vor,
783 2757 838 2808 dass
856 2757 901 2809 der
913 2754 1215 2810 Rednerdiebrrioeben·

147 2819 286 2890 gestellte'.
322 2823 380 2890 Vgi.
398 2825 470 2877 Gaes.
489 2824 518 2880 Β.
536 2823 565 2878 G.
582 2824 601 2891 1,
613 2828 660 2878 40:
712 2825 772 2878 salic
785 2825 907 2877 wibrend
919 2825 964 2877 der
975 2824 1071 2876 Aktion
1084 2825 1215 2886 hermen,

146 2909 189 2958 ae,
212 2893 284 2958 quod
306 2895 335 2944 in
352 2893 501 2960 lerrgiercm
517 2895 588 2946 diem
606 2895 659 2946 enl-
707 2893 764 2949 sich
782 2892 858 2945 nicht¹
870 2893 984 2962 peiniicb
1002 2907 1033 2944 an
1047 2891 1092 2945 das
1105 2891 1220 2957 Koncht

150 2961 256 3012 latemus
280 2965 359 3026 esset,
383 2968 658 3028 repraesentaturum.
709 2961 803 3014 binden
820 2965 922 3023 mbsse;
940 2961 993 3027 agi.
1006 2966 1028 3025 1,
1039 2963 1062 3012 2.
1079 2964 1130 3026 3,3.
1141 2964 1165 3025 Ἰ,
1180 2960 1221 3012 30.

151 3027 210 3082 Seu.
229 3029 311 3097 Epist.
324 3033 371 3083 95:
392 3032 461 3082 Pete
478 3049 495 3083 a
512 3048 562 3097 me,
579 3031 659 3095 utici,
710 3029 751 3093 vt,
772 3035 793 3094 1,
811 3032 858 3084 42:
883 3034 931 3096 qua·
951 3047 970 3081 a
992 3029 1055 3080 stila
1076 3044 1134 3080 nan
1151 3041 1221 3079 reee-

147 3098 222 3165 qucd
233 3101 261 3149 in
274 3099 343 3149 diem
354 3100 660 3151 sternumentum
711 3100 778 3150 dunt
801 3100 871 3166 (opp.
895 3099 992 3164 quibus
1014 3099 1148 3149 nationem
1164 3111 1222 3148 mu·

148 3167 265 3232 differre
282 3170 484 3233 repraesentem.
645 3229 647 3234 Ι
710 3172 770 3220 tare
786 3167 869 3228 facile
886 3169 946 3232 ert),
969 3170 1018 3217 eut
1040 3167 1224 3219 conuenerat

181 3238 332 3303 petentibus
349 3263 383 3274 —
397 3237 538 3301 perituris,
557 3236 594 3288 ais
612 3233 660 3289 Da·
711 3237 747 3286 ad
770 3237 817 3287 boa
839 3251 916 3287 ceute
939 3239 988 3287 aut
1007 3234 1222 3299 frequmafieaa'me

148 3304 187 3357 tiu
205 3320 235 3356 zu
254 3304 370 3357 nebmen.
709 3303 781 3365 faba
798 3303 904 3365 dieunt,
928 3302 1068 3356 bescnders
1090 3301 1154 3355 aber
1170 3298 1221 3362 ΧΠ,

184 3372 247 3423 darm
264 3372 313 3424 tua
330 3376 389 3438 cet,
406 3371 477 3424 nicht
494 3368 560 3423 obne
575 3368 658 3436 Spctt.
711 3387 732 3424 c.
751 3373 776 3424 a.
815 3371 889 3435 Quae
900 3375 966 3429 ‚aiut
988 3375 1018 3422 in
1041 3369 1147 3436 agendo
1168 3383 1221 3421 ner*

182 3442 268 3504 latua,
290 3440 324 3491 ist
344 3441 371 3491 iu
389 3440 472 3493 dieser
497 3436 660 3526 Verbiudunq
709 3439 807 3491 aenda.

148 3507 203 3572 das,
223 3522 277 3559 was
294 3508 342 3558 wir
360 3500 451 3560 ‘Brust’
476 3506 538 3561 eder
554 3503 651 3574 ‘Lange
745 3504 1142 3571 fallunt,dieSachestelltsicb
1188 3517 1219 3557 nn

149 3590 264 3634 nemnem
277 3575 419 3641 begrundet
427 3575 462 3628 ist
471 3576 515 3629 der
523 3575 659 3629 Ausdruck
711 3576 802 3628 anders
815 3576 913 3638 bernus,
926 3575 964 3627 als
976 3589 1035 3626 man
1046 3574 1088 3626 bei
1101 3573 1147 3626 der
1182 3587 1222 3625 or·

147 3643 229 3697 durch
248 3643 288 3696 die
300 3643 367 3710 Lege
380 3643 424 3696 der
433 3644 537 3711 Lungen
549 3644 584 3697 im
597 3643 659 3697 Kbr-
709 3644 844 3710 bereitnug
861 3643 1003 3695 annebmen
1020 3641 1126 3695 konnte.

150 3726 203 3778 per,
220 3712 272 3778 egi.
293 3711 345 3776 uu,
366 3716 403 3775 11,
423 3715 452 3765 2:
475 3712 566 3779 Neque
586 3715 659 3764 mim
744 3712 781 3764 ad
798 3742 830 3751 -
847 3712 977 3765 mutanda
995 3716 1042 3772 est,
1058 3710 1111 3777 vgt.
1130 3712 1155 3775 2,
1177 3714 1198 3763 1.

149 3782 263 3831 edentia
286 3780 363 3832 medo
386 3786 492 3834 constat
515 3786 608 3834 erutor
625 3810 657 3821 -
744 3781 994 3846 emolit—possit.
1020 3767 1143 3834 uberans
1155 3778 1223 3831 Sub·

147 3849 196 3898 sed
212 3864 287 3914 neec,
310 3848 405 3916 latere,
427 3851 564 3914 firmitate.
599 3849 656 3902 Nor.
705 3847 765 3914 jem
782 3849 835 3915 vql.
852 3863 885 3901 au
905 3853 926 3910 1,
946 3851 969 3899 7.

149 3915 196 3984 Ep.
215 3916 232 3979 1,
251 3920 276 3982 t,
293 3920 334 3972 26.
743 3920 766 3969 5.
785 3917 955 3970 decendente.
986 3912 1221 3973 Dieserbnsdruck
