2684 4508
197 231 237 294 62
499 232 606 285 cnPtJT
624 233 652 286 11.
670 233 685 299 ξ
703 236 811 288 26-28.
846 233 885 287 tlt.
904 236 920 298 ξ
940 237 961 286 l.

196 430 254 491 qua
266 429 334 491 pars
348 409 490 487 sequitur.
520 408 650 488 Ideoque
666 427 734 471 cum
747 419 843 470 totum
859 408 1024 488 exprimere
1039 425 1127 485 quem
1142 406 1277 485 elegeris

196 514 291 578 paene
306 496 343 556 sit
356 493 470 554 bomini
481 493 706 557 inconcessum:
722 496 851 575 plurium
868 494 946 554 bona
958 512 1104 573 ponamus
1115 501 1184 553 ante
1196 511 1275 554 ocu·

195 583 249 653 los,
269 591 303 641 ut
316 579 393 640 aliud
414 598 450 638 en
471 579 526 639 alio
548 581 677 654 haereat,
697 589 801 659 etque
817 580 946 658 quidque
960 579 1026 640 loco
1042 577 1200 638 conveniat
1214 596 1275 657 ap-

91 683 97 694 ‘
192 675 298 727 temus.

143 759 171 810 21
277 748 402 811 Imitatio
418 759 516 810 autem
533 752 614 826 (nam
629 751 747 830 saepius
761 751 839 811 idem
854 750 959 825 dicam)
975 769 1037 812 non
1053 754 1092 815 sit
1102 759 1218 812 tantum
1234 751 1269 811 in

194 834 299 896 verbis.
329 834 402 896 Illuc
417 836 598 897 intendenda
612 855 707 909 mens,
732 844 876 914 quantum
890 836 981 897 luerit
995 836 1051 897 illis
1065 839 1135 898 viris
1149 836 1270 898 decoris

193 923 224 982 in
240 919 331 981 rebus
346 929 434 1001 atque
449 920 596 1000 personis,
619 922 698 1000 quod
714 920 881 995 consilium,
903 939 978 1000 quae
993 921 1154 1001 dispositio,
1175 939 1269 1000 quam

193 1007 301 1081 omnia,
317 1007 405 1068 etiam
421 1025 497 1084 quae
511 1006 699 1067 delectationi
713 1006 869 1066 videantur
883 1005 957 1080 data,
979 1007 1015 1067 ad
1030 1008 1181 1069 victoriam
1196 1025 1269 1086 spe-

193 1100 289 1167 ctent;
305 1092 376 1171 quid
391 1102 495 1170 agatur
508 1093 670 1171 prooemio,
692 1109 767 1170 quae
782 1091 855 1152 ratio
874 1100 904 1152 et
918 1110 1006 1170 quam
1021 1094 1098 1154 varia
1114 1091 1267 1165 narrandi,

192 1195 268 1255 quae
282 1177 325 1239 vis
340 1177 487 1257 probandi
501 1196 534 1237 ac
546 1176 709 1253 refellendi,
725 1185 836 1255 quanta
846 1177 877 1236 in
890 1176 1052 1238 adfectibus
1064 1178 1161 1240 omnis
1172 1197 1269 1257 gene·
1307 1194 1313 1209 ‘

192 1262 234 1323 ris
248 1263 402 1325 movendis
417 1262 548 1337 scientia,
564 1280 711 1341 quamque
726 1263 789 1324 laus
804 1263 867 1341 ipsa
881 1263 1033 1342 popularis
1048 1263 1181 1325 utilitatis
1196 1282 1267 1343 gra-

184 1348 230 1412 tia
246 1350 409 1429 adsumpta,
425 1367 506 1430 quae
515 1357 579 1408 tum
594 1357 640 1408 est
652 1348 860 1427 pulcherrima,
875 1367 944 1408 cum
958 1349 1100 1428 sequitur,
1117 1368 1178 1409 non
1195 1367 1266 1411 cunr

138 1437 169 1488 ²8
191 1435 359 1497 arcessitur.
399 1434 478 1494 llaec
500 1434 523 1494 si
545 1432 772 1512 perviderimus,
801 1442 953 1494 tumuere
974 1433 1162 1496 imitabimur.
1206 1435 1267 1506 Qui

190 1537 261 1581 rero
277 1520 363 1580 etiam
379 1518 499 1599 propria
514 1518 560 1579 his
574 1518 654 1579 bona
669 1519 817 1593 adiecerit,
837 1526 872 1579 ut
886 1520 1020 1598 suppleat
1036 1538 1110 1598 quae
1126 1521 1266 1598 deerunt,

191 1604 382 1666 circumcidat
396 1605 420 1664 si
443 1603 513 1684 quid
535 1604 728 1665 redundabit:
755 1605 779 1665 is
795 1605 860 1678 erit,
883 1623 970 1683 quem
991 1607 1169 1683 quaerimus,
1194 1625 1265 1686 per·

189 1692 285 1751 lectus
306 1699 420 1766 crator;
447 1707 535 1769 quem
563 1708 646 1749 nunc
679 1688 878 1751 consummari
906 1690 1088 1768 potissimum
1117 1702 1265 1770 oporteat,

189 1793 258 1834 eum
272 1783 355 1835 tanto
370 1775 456 1854 plura
472 1775 604 1854 exempla
618 1772 696 1835 bene
711 1773 828 1835 dicendi
843 1785 1004 1853 supersunt
1025 1795 1112 1856 quam
1128 1778 1194 1853 illis,
1210 1779 1264 1856 qui

189 1860 285 1921 adbuc
306 1861 415 1921 summi
436 1869 521 1934 sunt,
547 1859 748 1939 contigerunt.
788 1859 863 1918 Nam
891 1861 946 1921 erit
965 1861 1039 1922 haec
1061 1881 1179 1943 quoque
1198 1863 1264 1925 laus

189 1963 304 2019 eorum,
320 1954 352 2007 ut
367 1947 483 2024 priores
498 1962 662 2024 superasse,
679 1954 816 2024 posteros
831 1945 966 2006 docuisse
983 1947 1127 2008 dicantur.

632 2286 742 2358 Gneus
768 2285 819 2356 tlt.

463 2438 669 2524 QUOMODO
698 2436 985 2510 SCRIBENDUM.

150 2630 164 2680 1
272 2622 310 2685 Et
323 2626 396 2686 haec
408 2627 527 2704 quidem
538 2627 644 2687 auxilia
655 2625 841 2686 extrinsecus
853 2624 1045 2699 adhibentur;
1061 2624 1091 2683 in
1108 2624 1144 2683 iis
1160 2634 1258 2685 autem

187 2727 263 2788 quae
278 2708 452 2790 nobisipsis
467 2711 596 2789 paranda
611 2719 690 2785 sunt,
706 2719 740 2770 ut
751 2709 860 2772 laboris
871 2710 913 2770 sic
924 2707 1056 2770 utilitatis
1068 2708 1154 2768 etiam
1167 2709 1257 2790 longe

186 2793 347 2872 plurimum
362 2796 457 2856 adlert
477 2794 599 2856 stilus.
629 2796 691 2856 Nec
711 2796 849 2857 inmerito
871 2795 908 2855 Μ.
925 2793 1037 2855 Tullius
1051 2793 1132 2854 hunc
1154 2795 1258 2874 opti-

186 2898 279 2940 mum
296 2882 813 2959 effectoremacmagistrum
836 2878 984 2941 dicendi
1000 2887 1099 2953 vocat3
1122 2880 1169 2942 cui
1186 2899 1257 2940 sen-

186 2965 296 3026 tentiae
310 2984 470 3044 personam
486 2965 518 3025 L.
532 2964 628 3026 Crassi
643 2966 672 3027 in
689 2964 947 3047 disputationibus,
963 2982 1038 3043 quae
1053 2973 1124 3025 sunt
1139 2965 1175 3026 de
1190 2984 1257 3026 ora-

186 3100 247 3151 aber
259 3100 329 3153 nicht
341 3115 386 3150 zur
397 3097 566 3165 Anwendnng
583 3097 696 3165 (liniger)
748 3102 873 3165 opinione
891 3100 1101 3164 pulcherrimus,
1127 3098 1175 3148 ced
1196 3114 1256 3148 cum

185 3168 238 3285 {gl
257 3173 281 3234 t,
301 3173 341 3228 16,
365 3168 392 3217 in
415 3166 511 3218 diesem
533 3164 611 3217 Sinne
632 3167 696 3218 auch
746 3171 877 3234 coquitur,
894 3183 948 3218 non
966 3182 1026 3218 eum
1043 3165 1206 3283 adfectatlur.

184 3235 697 3369 ,biitntttttt⁰tttttttt⁶·
780 3233 1256 3369 {tattdtttttttaftdd

220 3375 260 3427 27.
278 3390 341 3424 nam
355 3401 390 3409 —
409 3372 503 3436 dicam,
521 3371 624 3423 bezieht
641 3373 694 3423 sicb
746 3371 823 3422 tisch:
836 3375 970 3421 oratorem
983 3371 1163 3421 comunimus-i
1173 3371 1212 3420 itu
1224 3373 1256 3419 ut

185 3441 230 3492 aul
246 3441 263 3508 ἦ
282 3445 321 3494 13.
342 3444 381 3493 16.
741 3438 879 3504 perlectus
895 3437 952 3499 fiat.

221 3511 280 3562 taes
307 3509 462 3574 popularia,
491 3509 536 3560 das
564 3509 617 3560 Lob
645 3507 690 3560 der
782 3509 804 3560 l.
822 3505 1017 3572 nobisipeir,d.
1035 3504 1165 3557 innobis
1182 3504 1255 3572 ipsis.

184 3577 569 3643 blenge‚welcbeurnberstebt;
583 3576 693 3628 laudaro
779 3576 814 3626 M.
835 3575 949 3640 Tullius,
969 3572 1118 3638 decretl,
1138 3575 1178 3638 33,
1198 3576 1254 3626 150.

183 3652 251 3698 tium
268 3647 370 3697 clamor
390 3650 411 3711 l,
431 3648 469 3698 17.
744 3645 786 3709 60,
804 3645 861 3697 257.

217 3717 348 3781 sequitur,
360 3714 394 3765 im
407 3714 549 3781 Gegensotz
562 3729 594 3765 zu
607 3729 694 3764 arcer·
779 3712 809 3763 t.
829 3712 945 3774 θνωηιε,
964 3711 1086 3774 Licinius,
1108 3710 1254 3763 berdhmter

183 3785 263 3847 discr,
280 3777 335 3834 ‘der
347 3782 400 3834 sich
418 3797 470 3834 von
483 3782 565 3834 selbst
577 3773 693 3846 ergiebt',
744 3779 844 3831 Redner
863 3782 978 3832 tre—91
989 3795 1015 3832 v.
1028 3778 1093 3843 Chr,
1106 3778 1148 3831 die
1160 3777 1252 3830 aweite

185 3850 286 3902 ibnlich
304 3849 372 3914 Vm,
395 3849 510 3903 Prooem.
532 3852 562 3902 18
581 3849 692 3910 decoris,
743 3847 798 3899 lluu
819 3851 921 3913 tperson
939 3847 965 3898 in
984 3847 1079 3899 diesem
1094 3845 1167 3900 Dialo
1186 3861 1200 3898 e
1218 3844 1253 3896 ist

184 3921 231 3986 qui
254 3925 294 3969 eet
314 3921 345 3969 in
371 3919 481 3971 meando
505 3933 562 3968 mea
585 3917 692 3982 quidam
743 3913 776 3968 Μ.
812 3915 921 3968 ntonius.
934 3917 1049 3970 tta-st
1063 3931 1088 3971 v.
1101 3861 1251 3969 Obnbleide
