2684 4508
158 233 200 296 28
542 235 648 288 ctrur
666 236 683 287 ι.
703 236 717 301 ς
736 238 845 288 ιιι-ιι.
940 232 942 236 ·

158 414 233 474 riam
246 412 424 492 posteritatis
438 407 620 489 speraverit?
642 409 700 480 Qui
721 410 745 471 si
762 411 828 488 quis
843 420 895 482 est,
911 410 987 469 intra
1002 410 1115 488 primos
1130 410 1236 471 statim

158 517 261 560 versus
275 495 513 576 deprehendetur
528 505 557 553 et
572 494 659 555 citius
674 514 730 556 uos
745 495 886 569 dimittet,
911 513 998 572 qnam
1013 504 1046 554 ut
1061 494 1124 555 eius
1140 493 1232 557 nobis

105 591 134 640 42
155 600 263 659 magno
285 580 426 658 temporis
451 579 630 640 detrimento
656 589 773 640 constet
798 581 1042 658 experimentum.
1082 579 1140 638 Sed
1167 598 1233 640 non

156 665 298 744 quidquid
319 666 355 725 ad
369 665 497 743 aliquam
512 675 626 743 partem
641 665 782 725 scientiae
800 666 945 745 pertinet,
969 664 1107 742 protinus
1128 664 1164 723 ad
1186 665 1233 724 sa-

156 751 290 811 cieudam
306 750 393 809 etiam
408 750 539 828 phrasin,
556 750 591 809 de
608 768 665 828 qua
679 749 837 827 loquimur,
855 749 1120 812 adcommodatum.

242 834 350 894 Verum
372 844 531 913 antequam
552 835 589 894 de
609 835 733 914 singulis
754 835 874 913 loquar,
896 853 989 914 pauca
1011 834 1041 893 in
1058 835 1232 917 universum

104 929 133 978 43
155 919 192 979 de
205 919 344 979 varietate
360 919 535 999 opinionum
550 920 675 981 dicenda
691 930 769 980 sunt.
800 920 872 979 Nam
890 919 1009 998 quidam
1024 918 1103 979 solos
1117 927 1231 981 veteres

154 1003 296 1080 legendos
312 1014 419 1082 putant
434 1023 532 1082 neque
547 1006 578 1065 in
593 1006 661 1066 ullis
676 1005 738 1064 aliis
760 1024 823 1066 esse
846 1004 1008 1064 naturalem
1029 1003 1229 1081 eloquentiam

154 1098 184 1148 et
198 1088 291 1149 robur
304 1089 374 1150 viris
390 1090 511 1168 dignum
528 1091 723 1164 arbitrantur;
745 1091 817 1150 alios
833 1108 940 1150 recens
958 1089 1030 1149 haee
1045 1088 1160 1149 lascivia
1177 1089 1230 1148 de-

153 1172 297 1251 liciaeque
312 1184 342 1235 et
356 1176 458 1236 omnia
472 1176 507 1236 ad
523 1177 703 1255 voluptatem
718 1175 913 1235 multitudinis
928 1173 1081 1251 imperitae
1106 1192 1230 1254 compc-

103 1266 132 1317 14
153 1256 208 1318 sita
223 1258 381 1321 delectant.
412 1261 549 1339 Ipsorum
565 1262 668 1335 etiam,
693 1261 743 1338 qui
765 1269 878 1320 rectum
894 1259 1011 1319 dicendi
1026 1277 1121 1336 genus
1143 1260 1230 1337 sequi

151 1342 272 1419 volunt,
295 1344 343 1404 alii
363 1363 465 1423 pressa
485 1344 603 1404 demum
627 1354 657 1405 et
679 1346 780 1405 tenuia
794 1349 823 1405 et
845 1362 920 1423 quae
943 1343 1099 1403 minimum
1120 1344 1228 1403 abusu

152 1428 301 1490 cotidiano
323 1430 479 1504 recedant,
501 1447 572 1488 sana
588 1440 618 1490 et
632 1448 700 1490 vere
715 1430 811 1490 Attica
826 1439 948 1509 putant3
966 1429 1109 1506 quosdam
1124 1427 1229 1488 elatior

152 1513 265 1592 ingenii
278 1515 321 1574 vis
336 1523 365 1572 et
379 1514 472 1590 magis
487 1515 632 1574 concitata
647 1526 677 1575 et
691 1514 779 1592 plena
794 1515 918 1593 spiritus
933 1513 1026 1590 capit3
1047 1522 1119 1572 sunt
1130 1513 1229 1572 etiam

152 1597 228 1659 lenis
243 1608 274 1658 et
295 1597 379 1658 nitidi
395 1608 425 1658 et
440 1598 596 1676 compositi
612 1599 731 1676 generis
746 1619 808 1660 non
824 1601 911 1679 pauci
927 1607 1081 1658 amatores.
1111 1598 1154 1658 De
1170 1616 1230 1676 qua

185 1733 226 1781 42.
235 1732 359 1795 pirario,
376 1730 555 1796 gleichbedeut
544 1731 664 1783 ttend
618 1732 664 1782 mit
750 1734 849 1793 tenuia,
867 1732 922 1782 hier
940 1730 991 1782 und
1009 1731 1084 1782 meist
1102 1729 1136 1780 int
1149 1735 1229 1795 guten

152 1797 305 1848 elocutios.
324 1798 400 1865 §st
716 1793 812 1849 Sinne‘
817 1794 885 1862 leid,
903 1792 1019 1849 einiach'
1035 1799 1106 1865 564,
1119 1799 1228 1849 soauclr

184 1867 226 1917 43.
239 1866 487 1932 solosueteraslwp
496 1865 548 1930 vgl.
557 1865 585 1928 ll,
596 1870 619 1930 5,
630 1869 660 1918 21
716 1867 739 1928 2,
760 1868 803 1925 19;
831 1838 930 1916 doclr'
923 1871 996 1916 unt
985 1865 1122 1917 tadelnden
1148 1864 1227 1917 Sinne

151 1949 184 1982 ue
210 1937 271 1997 quis
299 1950 341 1984 aar
366 1935 538 1999 antiquitatis
564 1937 663 1984 nimius
714 1904 764 1997 llll,
784 1935 807 1995 8,
828 1936 855 1984 1:
879 1931 972 1999 Neque
995 1937 1064 1984 euim
1086 1938 1228 1999 quisquam

151 2001 342 2052 admiratorio
351 2001 532 2053 &aeriorum
543 2002 662 2053 Catenis-
715 2005 770 2051 tam
798 2004 907 2065 iugenio
944 2005 1039 2052 tonui
1069 2005 1227 2084 reperietur,

151 2084 201 2134 que
219 2075 246 2120 et
262 2069 379 2120 aliorum
395 2071 525 2121 similium
550 2070 662 2121 lectione
715 2072 774 2135 qui,
803 2085 862 2119 eum
888 2073 991 2133 omnia,
1019 2086 1087 2135 quae
1109 2075 1173 2120 suut
1197 2073 1227 2119 iu

151 2137 290 2188 durescere
307 2139 377 2189 uelit.
715 2153 808 2202 causo,
831 2138 975 2203 diiigenter
997 2142 1164 2203 cognouerit,
1191 2138 1229 2188 ad

185 2221 277 2256 recena
306 2207 371 2255 ltuec
397 2206 509 2258 inamata
539 2207 662 2256 deliciae·
714 2206 862 2257 docendum
880 2211 949 2257 certe
967 2207 1082 2257 iudicem
1099 2221 1153 2256 unu
1170 2203 1227 2264 ruf-

151 2289 216 2356 que
240 2267 405 2325 ‘Geziertheit
432 2274 483 2324 und
507 2272 662 2324 Weichlich·
713 2274 802 2336 ficiat·
822 2273 874 2339 vgl.
892 2273 951 2326 llcr.
971 2275 1051 2326 Germ.
1070 2273 1098 2338 ll,
1114 2275 1153 2333 16,
1166 2273 1207 2322 38.

150 2311 216 2392 ltcit
230 2339 281 2405 vgl.
291 2339 320 2404 ll,
330 2346 354 2404 5,
365 2344 397 2392 22
409 2357 442 2390 ιιι
456 2343 571 2391 recentis
583 2342 663 2390 iuius
748 2343 841 2394 Attica
843 2343 914 2407 ,.vgl
924 2341 975 2408 llll,
990 2345 1027 2406 10,
1038 2345 1070 2395 26
1082 2343 1172 2394 Attice
1185 2339 1224 2388 di-

151 2408 276 2459 laaciaiae
292 2409 412 2471 [maculis
437 2411 509 2474 eapti
526 2409 663 2474 uoluptate
715 2426 773 2461 cere
796 2427 850 2461 erse
874 2415 971 2475 optime
994 2412 1148 2462 dicere-
1170 2405 1225 2458 lien

148 2492 235 2541 prave
253 2477 431 2528 deleuiuutur.
715 2477 863 2531 3Gliedern
881 2479 1049 2544 entsprechen
1067 2477 1107 2528 die
1126 2476 1227 2540 folgen-

165 2561 326 2674 ωιιιιίιιιίιὶιιῐ-
344 2548 503 2612 compositu,
526 2537 580 2597 ‘der
602 2543 662 2596 Um·
715 2545 809 2664 dentem
817 2547 1006 2665 (pmglelpethrter
1019 2544 1148 2608 Ordnung,
1167 2543 1225 2593 dem

150 2627 207 2662 sn
260 2607 314 2665 as’.
713 2626 1092 2665 crsnasczeuwsw

183 2684 224 2732 44.
259 2679 321 2732 Was
347 2680 403 2730 hier
429 2694 476 2730 nur
507 2679 662 2744 angedeutet
747 2679 1127 2744 elatioretmngiseouoitatu‚
1138 2673 1225 2740 haufig

150 2747 222 2809 wird,
237 2745 353 2798 findet
331 2762 388 2798 erne
401 2746 601 2799 ausidhrlichere
613 2746 662 2798 Be·
712 2748 776 2799 nach
795 2748 878 2798 ciuem
891 2745 1057 2811 Komparativ
1073 2745 1161 2808 magis
1178 2743 1225 2793 mit

149 2813 407 2880 sprechungllll,10,
425 2830 447 2866 z.
465 2814 494 2866 B.
514 2818 569 2880 §21
592 2815 661 2879 Quu-
712 2816 770 2867 dem
790 2813 888 2865 Positiv
906 2814 957 2879 vgl.
978 2816 1018 2864 ’14
1037 2814 1078 2862 tt.
1097 2813 1137 2862 34.

145 2886 258 2948 propter
274 2884 343 2932 miii
358 2853 423 2942 falli
438 2883 552 2934 muitum
570 2884 660 2934 aidan
742 2883 825 2949 plana
841 2884 962 2947 spiritus.
989 2881 1026 2931 Zu
1043 2878 1136 2939 Quint.
1138 2894 1150 2929 s
1168 2879 1224 2930 Zeit

149 2955 202 3014 tur,
220 2965 267 3014 qui
263 2951 349 3000 'soloe
364 2967 418 3000 esea
430 2951 536 3003 Atticos
548 2952 662 3002 creduut
713 2965 767 3001 war
785 2948 829 3000 der
846 2950 950 3000 Ablativ
967 2948 1009 3000 bei
1022 2948 1120 3013 planus
1137 2946 1224 2998 nblich

149 3021 235 3067 tenuis
257 3022 283 3066 at
307 3018 408 3069 lucidos
426 3023 453 3067 et
470 3018 659 3083 significandi,
711 3017 859 3084 gewerden,
879 3033 900 3068 s.
919 3015 960 3080 111,
980 3021 1003 3080 3,
1024 3020 1035 3068 1
1056 3015 1087 3066 Si
1104 3018 1224 3066 antimum

146 3086 194 3136 aad
215 3086 333 3151 quadum
356 3087 522 3150 eloquentiae
543 3086 659 3151 frugali·
710 3101 857 3135 sermonem
899 3088 992 3135 nostro
1034 3098 1224 3149 commoramur,

149 3158 202 3205 tuta
211 3157 355 3204 contentos
374 3153 432 3219 §40
442 3155 538 3204 Addua
550 3154 659 3219 quidum
706 3169 794 3220 paena
812 3157 868 3204 iam
889 3153 1021 3235 quidquid
1038 3153 1173 3233 loquimur
1190 3149 1223 3211 fi

147 3223 250 3273 nuliam
262 3239 316 3272 assa
327 3221 480 3272 naturalem
493 3225 595 3287 putant
607 3222 659 3271 ato·
707 3237 781 3287 guia
797 3228 844 3287 ast,
859 3226 891 3273 ut
900 3216 961 3272 ‘linc
973 3237 1003 3270 re
1015 3213 1146 3270 iuuidare'
1160 3232 1222 3282 ιιιιιι,

148 3293 291 3373 quantiam,
312 3292 367 3340 uisi
384 3305 453 3355 quaa
469 3293 506 3340 ut
522 3290 658 3340 cotidiano
710 3295 847 3341 atomum
870 3295 969 3340 uetares
989 3293 1016 3338 et
1034 3288 1124 3340 Oiccro
1144 3301 1224 3352 prue-

146 3362 264 3408 earmoui
285 3359 431 3411 simillima.
462 3359 529 3422 §45
547 3374 581 3408 ua
604 3357 659 3408 iliis
710 3360 801 3443 cipue,
822 3351 903 3409 ‘dunc
925 3351 989 3408 rem'
1015 3359 1040 3406 et
1063 3348 1224 3405 ‘incumbere

147 3426 253 3490 quidem
262 3441 374 3476 mmmm
385 3440 516 3490 repugno
533 3442 579 3490 qua
575 3426 658 3476 'dan-
709 3421 762 3476 ilii'
786 3442 841 3476 nou
867 3423 906 3476 ‘iu
928 3418 1028 3509 ilium’,
1055 3428 1082 3474 at
1107 3417 1223 3487 ‘pianum

146 3494 209 3544 dum
222 3498 325 3559 putant
348 3494 475 3544 nonnihil
497 3497 578 3544 attam
597 3499 659 3544 tam·
710 3488 779 3544 uiuo'
799 3509 853 3545 ιιοιι
865 3487 954 3548 ‘ciui'
981 3492 1014 3543 Er
1026 3491 1107 3543 selbot
1120 3489 1223 3541 bedient

142 3563 475 3626 poribusatqueauribus‚
486 3562 659 3612 uitidiuauii·
710 3562 764 3613 sieh
789 3561 834 3614 des
860 3562 979 3614 Ablativs
1004 3559 1055 3611 und
1080 3558 1125 3610 des
1148 3556 1223 3608 Geni·

146 3628 658 3712 quidatquqadfactiuapostulantibus.
712 3630 769 3683 live.

145 3689 659 3829 3111111113131111131111.
710 3690 1223 3829 ..mittithttdtltgttt‘ltit

144 3833 270 3963 gmpm
281 3833 345 3883 duee
355 3847 387 3882 ac
397 3836 590 3898 pressiora:
604 3833 655 3899 vgl.
709 3833 792 3885 bende
804 3832 996 3900 Begeisterung,
1014 3832 1065 3897 vgl.
1079 3829 1095 3896 ξ
1109 3831 1149 3880 61.
1165 3831 1221 3883 104.

178 3903 220 3952 4.
709 3904 732 3964 3,
752 3903 792 3954 22.
