2684 4508
148 224 187 284 18
548 226 655 279 CAPUT
673 228 692 278 l.
710 230 726 291 §
744 231 820 280 5-9.

107 411 123 459 6
145 409 224 462 stant
238 401 322 478 copia
338 416 437 459 rerum
453 416 487 457 ac
502 397 669 458 verborum.
699 397 758 458 Sed
773 416 821 459 res
836 399 975 477 propriae
990 410 1062 460 sunt
1073 403 1221 482 cuiusque

146 502 250 545 causae
266 494 316 544 aut
326 483 427 563 paucis
438 500 621 555 communes,
636 482 726 542 verba
737 482 767 542 in
777 483 929 544 universas
940 485 1085 562 paranda;
1101 491 1219 565 quaesi

146 570 176 629 in
189 568 278 629 rebus
288 568 412 646 singulis
425 576 525 629 essent
535 567 660 645 singula,
672 567 818 627 minorem
831 586 932 628 curam
940 569 1135 647 postularent,
1147 592 1217 633 nam

145 662 253 713 cuncta
274 671 339 714 sese
361 671 430 714 cum
451 652 523 731 ipsis
544 652 682 731 protinus
703 651 793 712 rebus
815 652 966 712 offerrent.
997 654 1053 713 Sed
1074 673 1142 715 cum
1157 658 1219 718 sint

144 737 208 799 aliis
223 737 278 798 elia
298 747 349 799 aut
362 737 455 816 magis
476 737 597 816 propria
617 745 667 796 aut
681 737 774 815 magis
788 744 890 815 ornata
905 745 956 798 aut
976 738 1043 816 plus
1058 740 1218 802 efficientia

145 830 196 882 aut
210 823 315 884 melius
330 823 480 895 sonantia,
503 820 614 882 debent
635 840 775 882 essenon
792 822 886 882 solnm
903 829 972 882 nota
987 824 1088 884 omnia
1110 826 1161 886 sed
1184 827 1214 886 in

144 916 285 987 promptu
300 916 404 986 atque,
428 915 461 967 ut
476 907 515 966 ita
530 906 639 979 dicam,
655 906 687 967 in
702 914 880 984 conspectu,
903 915 952 979 ut,
975 925 1043 967 cum
1060 927 1091 970 se
1107 909 1214 971 iudicio

107 1002 122 1050 t
144 992 269 1053 dicentis
284 992 478 1064 ostenderint,
494 991 587 1053 facilis
601 1010 638 1051 ex
652 991 697 1052 his
709 991 887 1069 optimorum
899 991 936 1052 sit
951 991 1064 1052 electio.
1090 993 1128 1054 llt
1139 1013 1213 1073 quae

145 1077 220 1137 idem
238 1077 441 1154 significarent
454 1081 512 1138 scio
526 1076 628 1137 solitos
644 1075 784 1149 ediscere,
800 1094 859 1154 quo
874 1075 987 1137 facilins
1003 1085 1033 1137 et
1044 1088 1216 1141 occurreret

144 1181 239 1222 unum
255 1181 290 1222 ex
305 1162 457 1241 pluribus,
475 1171 513 1235 et,
530 1180 597 1222 cum
612 1169 712 1221 essent
727 1161 772 1222 usi
787 1161 894 1239 aliquo,
910 1160 936 1221 si
949 1161 1038 1222 breve
1053 1161 1130 1222 intra
1145 1183 1214 1243 spa-

144 1247 219 1307 tium
227 1265 330 1309 narsus
341 1248 566 1318 desideraretur,
575 1245 758 1323 effugiendae
770 1245 1054 1324 repetitionisgratia
1061 1258 1216 1310 sumerent

144 1331 231 1406 eliud,
248 1351 308 1411 quo
323 1332 401 1393 idem
416 1331 544 1408 intellegi
561 1339 671 1409 posset.
698 1330 783 1401 Quod
799 1348 867 1391 cum
883 1339 928 1390 est
942 1330 1054 1410 puerile
1069 1338 1098 1391 et
1111 1331 1212 1392 cuius-

145 1417 210 1476 dam
233 1417 358 1478 inselicis
381 1433 503 1495 operae,
527 1425 590 1474 tum
612 1415 700 1476 etiarn
722 1415 793 1475 utile
816 1433 936 1494 parum3
958 1415 1073 1476 turbam
1095 1423 1212 1476 tanturn

144 1503 233 1563 modo
260 1508 435 1578 congregat,
462 1519 498 1559 ex
523 1517 582 1576 qua
607 1500 672 1560 sine
698 1500 868 1561 discrimine
894 1509 1020 1579 occupet
1043 1500 1212 1578 proximum

144 1585 305 1662 quodque..

107 1676 122 1726 8
227 1666 320 1727 Nobis
335 1676 431 1726 autem
450 1668 533 1747 copia
549 1685 618 1728 cum
633 1667 741 1728 iudicio
753 1668 884 1746 paranda
896 1679 949 1740 est,
964 1669 1022 1729 vim
1036 1670 1138 1730 orandi
1151 1690 1212 1730 non

143 1751 361 1812 circulatoriam
384 1752 594 1812 volubilitatem
621 1751 832 1832 spectantibus.
870 1753 901 1812 ld
923 1762 1022 1814 autern
1048 1773 1213 1834 conseque·

144 1854 212 1896 mur
228 1835 338 1914 optima
353 1837 478 1913 legendo
494 1845 582 1914 atque
597 1837 753 1897 audiendo.
783 1836 849 1895 Non
872 1837 952 1897 enim
974 1839 1070 1898 solum
1092 1840 1212 1900 nomina

142 1921 207 1999 ipsa
228 1938 329 1981 rerum
351 1939 565 1999 cognoscemus
587 1922 642 1981 bac
668 1938 752 1992 cura,
775 1921 825 1981 sed
848 1922 928 2000 quod
950 1940 1070 2001 quoque
1092 1926 1158 1985 loco
1176 1925 1213 1985 sit

105 2013 120 2061 9
141 2005 335 2083 aptissimum.
363 2005 509 2067 Omnibus
524 2005 604 2066 onim
618 2007 681 2065 tere
696 2004 794 2065 verbis
809 2014 928 2084 praeter
938 2025 1040 2086 pauca,
1056 2020 1213 2086 quaesunt

141 2108 246 2169 parum
262 2091 438 2163 verecunda,
454 2091 484 2151 in
502 2090 636 2152 oratione
651 2091 734 2151 locus
749 2098 802 2150 est.
830 2090 902 2152 Nam
917 2092 1078 2172 scriptores
1093 2095 1212 2170 quidem

142 2175 306 2236 iamborum
329 2177 494 2255 veterisque
517 2176 685 2237 comoediae
701 2175 788 2236 etiam
811 2175 841 2235 in
859 2176 915 2237 illis
937 2195 1024 2256 saepe
1039 2176 1210 2252 laudantnr;

141 2260 193 2321 sed
209 2261 296 2321 nobis
311 2270 447 2322 nostrum
463 2278 539 2338 opus
553 2260 662 2321 intueri
678 2268 723 2322 sat
744 2270 798 2322 est.
827 2260 933 2322 Omnia
955 2259 1058 2332 verba,
1081 2262 1211 2338 exceptis

141 2394 219 2458 quaet
235 2390 298 2443 oder
309 2396 444 2459 tamquam
461 2391 513 2460 rgl.
526 2392 543 2460 ᾗ
557 2395 597 2447 18.
610 2395 651 2446 61.
702 2394 725 2456 2,
744 2396 785 2446 24.
804 2398 829 2458 l,
846 2397 871 2447 4.
890 2396 931 2446 25.

142 2464 166 2526 3,
184 2462 207 2513 3.
229 2462 253 2525 ’1,
274 2464 297 2511 1.
737 2464 760 2514 8.
770 2464 824 2512 uim
833 2462 939 2526 arandi,
954 2462 1007 2528 vgl.
1018 2460 1055 2528 §l
1068 2462 1154 2513 wabrc
1164 2461 1212 2513 Be·

175 2531 199 2581 6.
213 2530 329 2595 propria
345 2527 440 2580 erklitrt
452 2527 539 2588 Quint.
550 2528 568 2592 1,
582 2533 606 2592 5,
620 2531 649 2579 tt
701 2527 857 2582 redsamlteit
870 2531 904 2580 im
913 2529 1055 2594 Gegensatz
1072 2529 1211 2581 111111111-

141 2597 256 2661 Proprta
273 2601 338 2646 eant
350 2598 439 2658 verba
457 2612 516 2647 carn
529 2597 653 2660 111113πί-
701 2595 896 2648 ecbreierischer
913 2595 1157 2660 Zangenlertiglteit.

139 2663 231 2725 ficunt,
249 2666 279 2713 iu
293 2662 366 2728 qaod
372 2665 464 2727 primo
480 2663 651 2714 denominata
735 2677 810 2726 cara,
827 2663 991 2725 vorsicbtige,
1010 2661 1208 2726 gewissenhalte

139 2734 209 2780 sant.
702 2727 815 2794 Surgialt
832 2729 858 2779 in
877 2729 921 2780 der
938 2727 1060 2779 Auswnbl
1084 2728 1152 2779 oder·
1163 2727 1211 2779 Be-

174 2800 198 2848 l.
217 2801 370 2847 occurreret
381 2822 415 2842 =
432 2799 461 2848 ire
478 2802 591 2847 meamne
608 2814 650 2847 ve·
701 2796 832 2861 handlung
841 2796 911 2847 eines
921 2794 1123 2860 Gegenstandes,
1133 2795 1209 2860 Sarg-

139 2867 219 2915 niret.
701 2863 818 2927 samlteit,
836 2863 888 2929 vgl.
907 2866 924 2926 ξ
944 2866 984 2916 79.
1003 2864 1043 2915 86.
1064 2865 1120 2915 106.
1141 2866 1197 2916 118.

175 2947 234 2982 cam
251 2959 284 2969 -
304 2937 358 2982 tam
376 2934 471 2996 edam,
489 2930 575 2992 Quint.
594 2931 650 2996 tbgt
735 2936 758 2984 9.
773 2930 996 2996 Nambegn'mdet
1008 2929 1211 3000 dieWorteom-

140 3015 173 3052 au
190 3004 246 3050 tam
259 3000 341 3051 selten
357 2999 502 3066 steigernde
514 2998 649 3063 Aduerbio,
698 3001 776 3050 nitar
793 2998 851 3060 fere
861 3002 949 3050 omlis
966 2998 1012 3051 des
1023 2998 1210 3066 verborgeben-

140 3067 190 3119 wie
213 3070 330 3119 manime
355 3067 407 3119 und
424 3069 584 3134 praecipue,
611 3065 649 3117 olt
699 3066 863 3120 denSatzes.

140 3135 256 3202 dagegen
267 3138 356 3199 etiam,
368 3151 389 3188 a.
399 3134 428 3188 B.
438 3135 479 3199 lll,
490 3138 512 3196 1,
522 3137 563 3187 20.
574 3135 597 3197 2,
608 3136 647 3186 59.
732 3137 878 3201 scriptores
889 3137 1047 3198 iamborum,
1064 3129 1211 3204 ῖαμβογρά-

140 3206 267 3269 3,28.,4,
287 3206 343 3256 143.
700 3220 747 3271 φοι
776 3202 834 3254 sind
856 3201 989 3255 Verlasser
1015 3218 1067 3255 von
1091 3202 1211 3268 Spottge-

173 3271 292 3333 infelicic
324 3286 434 3336 operae,
469 3268 648 3321 untrucbtbare
699 3270 816 3334 dichten,
841 3269 885 3321 der
908 3269 1097 3333 berubmteste,
1122 3269 1210 3319 Archi-

140 3340 261 3392 irostlose
281 3338 447 3403 Bemirbung,
470 3336 614 3398 11111112,
632 3339 647 3389 8
699 3337 803 3398 lochns,
829 3337 892 3389 wird
911 3339 926 3401 ξ
945 3339 977 3389 19
995 3335 1208 3388 cbarakterisiert.

139 3406 294 3468 infelicitas.
732 3408 829 3455 veteris
842 3405 1000 3469 comoediae,
1016 3403 1209 3469 Aristophanes,

140 3477 359 3593 ..11111111
371 3469 649 3605 titularii
699 3470 1090 3606 1119191199
1112 3486 1153 3521 ”⁷⁰
1172 3471 1209 3522 ⁸³⁰

140 3610 206 3662 anch
231 3625 262 3661 zu
285 3607 373 3659 diesen
397 3604 489 3659 Verbis
512 3607 647 3667 berichem
733 3610 762 3658 ia
779 3608 847 3670 illie,
872 3622 964 3673 wegen
983 3608 1071 3671 jener;
1097 3620 1126 3657 so
1144 3605 1208 3656 anob

139 3675 246 3727 leicbter
271 3674 336 3726 wird
360 3673 495 3727 Ausdruclt
522 3675 574 3728 und
601 3674 649 3727 Ge·
698 3673 730 3739 V,
745 3679 784 3738 12,
797 3678 844 3727 22;
864 3675 1008 3726 laudari
1025 3677 1054 3725 in
1067 3675 1143 3723 benis
1154 3688 1212 3724 ma-

140 3742 230 3804 danlre,
248 3756 326 3794 wenn
343 3742 391 3794 wir
408 3742 453 3794 das
466 3744 648 3795 unbestimmte
698 3743 769 3794 tent:
789 3743 841 3809 rgl.
860 3742 876 3809 ξ
894 3746 935 3796 63.
954 3745 995 3795 64.

157 3808 580 3876 eredulicheSubjdttannebmen,
592 3811 647 3862 also
729 3815 853 3862 nostmm
869 3826 944 3875 opas,
961 3824 1037 3861 unser
1049 3803 1132 3860 ‘Fecb’
1148 3807 1208 3860 oder

138 3826 277 3944 berjenigc
295 3878 407 3930 welcber
418 3894 447 3932 so
461 3879 581 3944 vertibrt,
595 3879 648 3945 vgl.
696 3871 775 3930 ‘Feld’
794 3894 815 3930 s.
833 3880 848 3943 ἦ
867 3881 907 3930 31.
