2684 4508
473 236 581 290 aanor
599 237 629 290 v,
648 238 664 305 s
685 241 758 291 1-e.

527 477 637 553 Girur
664 478 701 552 V.

320 631 434 717 QUAE
462 630 704 704 stelenum
731 628 909 703 ΜΑΧΙΜΕ.

159 801 331 862 Proximum
342 810 394 875 est,
407 810 438 862 ut
451 801 697 880 dicamus,quae
714 800 921 880 praecipue
940 801 1148 863 scribenda
1172 812 1185 862 t

74 888 152 950 sint
180 882 246 962 ἕξιν
272 886 452 967 parantibus.
497 885 562 947 Non
585 897 624 948 est
650 885 735 948 haias
758 884 877 964 quidem
898 886 1012 964 operis,
1040 895 1072 948 ut
1097 906 1148 948 ex·

75 973 228 1052 plicemus,
244 990 318 1049 quae
333 972 392 1032 sint
406 971 554 1045 materiae,
577 989 652 1048 quae
674 970 768 1049 prima
789 979 839 1032 aut
854 971 983 1032 secunda
1000 980 1049 1032 aut
1064 972 1152 1034 dein·

77 1077 147 1137 ceps
166 1057 316 1117 tractanda
336 1057 410 1132 sint;
439 1074 507 1117 nam
533 1056 563 1115 id
583 1057 693 1116 facttun
713 1064 758 1114 est
778 1054 836 1114 iam
857 1055 953 1134 primo
974 1055 1060 1131 libro,
1088 1076 1150 1136 quo

74 1161 245 1223 puerorum,
263 1151 292 1202 et
306 1141 447 1214 secundo,
469 1160 529 1218 quo
550 1139 607 1198 iam
622 1137 814 1199 robustorum
829 1139 933 1200 studiis
948 1141 1081 1202 ordinem
1097 1142 1149 1202 de-

75 1228 185 1302 dimus;
201 1227 261 1301 sed,
278 1228 313 1288 dc
330 1245 389 1305 quo
406 1243 488 1286 nunc
503 1223 609 1303 agitur,
631 1224 710 1283 unde
731 1223 816 1304 copia
836 1242 870 1283 ac
885 1225 1007 1285 facilitas
1023 1226 1147 1288 maxime

72 1312 177 1374 veniat.

157 1397 279 1458 Vertere
292 1395 403 1456 Graeca
419 1395 448 1454 in
462 1393 600 1455 Latinum
615 1402 729 1454 veteres
744 1392 839 1453 nostri
856 1402 988 1455 oratores
1004 1395 1149 1474 optimum
1171 1405 1185 1454 2

74 1482 252 1545 iudicabant.
283 1480 315 1540 ld
331 1499 362 1541 se
377 1480 410 1539 L.
428 1478 548 1540 Crassus
568 1478 598 1538 in
615 1477 671 1539 illis
687 1477 838 1538 Ciceronis
859 1479 895 1539 de
920 1479 1044 1540 Oratore
1065 1479 1147 1542 libris

74 1568 144 1630 dicit
159 1567 316 1626 factitasse.
346 1565 379 1626 ld
395 1563 498 1624 Cicero
514 1581 566 1625 sua
582 1563 643 1642 ipse
664 1581 791 1642 persona
807 1563 1046 1642 frequentissime
1062 1583 1147 1643 prae·

75 1654 156 1732 cipit,
178 1650 250 1729 quin
272 1649 360 1710 etiam
380 1648 473 1710 libros
494 1647 625 1710 Platonis
645 1656 732 1727 atque
754 1646 962 1727 Xenophontis
983 1649 1072 1710 edidit
1090 1651 1147 1711 hoc

74 1754 184 1816 genere
205 1735 372 1795 translatos.
408 1734 441 1794 ld
463 1734 601 1794 Messalae
623 1732 741 1812 placuit,
770 1732 938 1812 multaeque
959 1744 1030 1795 sunt
1051 1734 1087 1794 ah
1111 1755 1146 1796 eo

74 1822 201 1900 scriptae
225 1819 261 1879 ad
281 1820 362 1881 hunc
383 1819 502 1879 modum
518 1817 677 1890 orationes,
701 1817 773 1878 adeo
789 1826 823 1878 ut
837 1818 923 1879 etiam
940 1838 1008 1880 cum
1023 1820 1070 1881 illa
1086 1819 1147 1900 lly-

74 1906 184 1987 peridis
204 1923 259 1983 pro
281 1904 398 1984 Phryne
420 1903 588 1964 difficillima
606 1902 748 1963 Romanis
764 1902 925 1964 subtilitate
942 1905 1145 1966 contenderet.

74 1991 111 2052 Et
126 1989 280 2052 manifesta
295 1999 339 2050 est
357 1988 574 2050 exercitationis
595 1987 718 2049 huiusce
733 1988 818 2047 ratio.
847 1987 921 2048 Nam
938 1997 966 2048 et
981 2008 1080 2049 rerum
1096 2008 1147 2050 co·
1169 1998 1183 2047 3

74 2076 122 2156 pia
138 2074 240 2136 Graeci
255 2084 390 2136 auctores
406 2074 560 2135 abundant
581 2080 611 2131 et
631 2071 792 2150 plurimum
808 2072 878 2133 artis
899 2073 929 2133 in
946 2072 1147 2153 eloquentiam

75 2161 248 2232 intulerunt,
264 2171 294 2220 et
308 2159 362 2220 hos
381 2155 630 2219 transferentibus
650 2154 747 2216 verbis
764 2156 805 2217 uti
821 2156 940 2237 optimis
955 2157 1033 2231 licet,
1050 2159 1147 2219 onmi-

72 2247 129 2306 hus
143 2244 222 2306 enim
239 2245 350 2305 utimur
365 2243 488 2312 nostris,
515 2241 639 2320 Figuras
662 2260 741 2315 vero,
758 2240 866 2321 quibus
880 2241 1006 2303 maxime
1023 2251 1148 2304 ornatur

72 2330 176 2402 oratio,
199 2329 307 2390 multas
329 2347 362 2389 ac
384 2329 477 2389 varias
500 2326 686 2405 excogitandi
708 2326 796 2387 etiam
818 2327 979 2389 necessitas
1002 2328 1146 2407 quaedam

70 2423 125 2488 est,
141 2414 211 2493 quia
226 2415 402 2491 plerumque
418 2431 434 2472 a
449 2411 568 2474 Graecis
584 2411 716 2472 Romana
732 2411 920 2473 dissentiunt.

108 2551 129 2600 l.
154 2550 334 2611 robustorum,
353 2545 403 2612 vgl.
425 2551 445 2608 l,
467 2548 522 2598 130.
668 2545 863 2610 Xenophontis,
888 2561 938 2595 von
957 2546 1052 2597 diesem
1071 2545 1147 2598 fiber·

105 2618 128 2667 2.
148 2616 180 2665 de
199 2615 313 2666 Oratore
331 2615 414 2676 libris,
433 2614 580 2677 l,34,155:
633 2617 714 2665 aelate
732 2626 759 2663 er
777 2612 826 2665 deu
845 2611 1038 2666 Oeconomicus

16 2735 21 2744 ,
72 2686 165 2735 Postea
175 2685 243 2733 milti
247 2683 354 2749 placuit
362 2698 444 2746 eaque
452 2698 509 2732 enm
520 2697 583 2732 aeus
668 2680 804 2745 Messalae,
822 2696 842 2733 s.
863 2684 886 2744 l,
906 2684 962 2734 113.

72 2752 236 2813 adolescens,
259 2755 291 2800 at
312 2766 476 2801 summorum
495 2754 583 2802 arato·
667 2749 820 2816 Hyperidis,
836 2764 856 2801 s.
878 2752 900 2813 l,
918 2753 958 2802 ll.

70 2835 132 2870 rant
142 2818 582 2884 Graecasarationesenpltaarem.
668 2818 783 2883 Phryne,
801 2815 970 2881 eineHetirre,
990 2819 1088 2883 welche
1101 2818 1146 2871 der
1171 2812 1176 2821 ’

73 2886 173 2950 Quibus
191 2889 264 2938 lectis
282 2888 331 2937 hoc
348 2886 526 2952 adsequetur,
543 2889 582 2949 at,
633 2877 744 2950 ἀσέβεια
761 2882 901 2950 augeltlagt
919 2900 980 2939 war.
1010 2885 1078 2939 Uber
1096 2886 1145 2938 deu

71 2971 132 3007 aum
144 2972 184 3019 aa,
202 2971 270 3019 qaae
282 2955 399 3019 legeram
412 2953 518 3015 Graece,
531 2952 584 3004 La·
634 2950 742 3004 Prozess
760 2951 811 3017 vgl
829 2951 857 3017 ΙΙ,
874 2956 911 3016 15,
924 2955 952 3005 9;
971 2954 1008 3006 ltt
1019 2956 1145 3022 Phrynen

71 3025 129 3074 tine
145 3023 289 3086 redderem,
307 3038 361 3072 non
378 3023 463 3073 solam
476 3024 584 3087 optimis
633 3036 688 3072 non
700 3020 845 3087 uypman
862 3023 966 3073 actiene
984 3038 1146 3089 quamquam

71 3093 160 3142 sertis
170 3095 261 3141 uterer
273 3095 300 3139 et
317 3095 404 3140 tamen
416 3092 525 3140 usitatis
536 3090 584 3140 sed
635 3087 797 3151 admirabili,
806 3089 853 3139 aad
864 3095 1006 3155 conspecta
1016 3093 1145 3154 corporis,

71 3161 154 3211 ettam
171 3157 583 3224 caprimeranqnaedamaerba
635 3157 707 3222 qaod
727 3156 776 3206 illa
798 3159 1019 3221 speciosissimum
1043 3159 1146 3223 attoqni

71 3227 214 3291 imitando,
224 3241 369 3292 quaenooa
381 3229 583 3289 nostr-teneant,
635 3224 745 3276 diducta
762 3225 906 3276 nudaverit
923 3228 1029 3289 tantae,
1045 3229 1146 3292 petant

71 3295 214 3347 dummodo
233 3299 317 3344 essent
333 3294 438 3345 idertea.
632 3293 754 3359 periculo
772 3291 920 3361 lilerqtam.

79 3420 83 3425 ,
108 3363 393 3428 Cicero-praecipit.
420 3360 483 3413 Eine
493 3360 582 3423 Stelle,
669 3363 692 3415 3.
709 3364 816 3424 nostris,
826 3359 1038 3426 pridihativisch3
1051 3359 1092 3412 die
1101 3357 1146 3411 Er·

73 3446 115 3485 wo
133 3431 221 3483 Cicero
245 3430 300 3482 dies
321 3429 500 3482 ausdrdckllch
518 3430 582 3492 thot,
634 3428 743 3494 klirung
755 3427 855 3493 ergiebt
864 3427 918 3480 sich
928 3427 1024 3494 eus§5
1037 3431 1145 3495 optimis

71 3500 107 3552 ist
125 3499 195 3551 nicht
207 3498 278 3551 mehr
292 3497 447 3561 vorhanden,
467 3497 512 3549 des
525 3496 583 3549 Stu-
636 3498 780 3563 occupatis.

72 3565 199 3620 dionides
212 3566 391 3619 Griechischeu
408 3563 540 3630 empliehlt
556 3579 584 3616 er
668 3564 781 3629 figurae.
799 3562 844 3615 Die
853 3562 945 3630 figura
955 3562 1049 3616 erlrlirt
1059 3562 1144 3623 Ouint.

72 3636 108 3688 im
125 3636 241 3702 Anfange
263 3635 308 3687 der
325 3632 425 3686 Bucher
442 3633 473 3685 de
491 3630 584 3685 officiis
635 3630 676 3694 lll,
688 3634 734 3694 t,4
748 3629 927 3693 conformatio
942 3631 1072 3697 quaedam
1084 3647 1147 3683 ora·

72 3704 125 3756 und
144 3703 175 3755 de
192 3702 295 3755 finibus.
636 3701 718 3750 nanis
741 3704 842 3752 remota
863 3717 880 3750 a
898 3702 1032 3751 communi
1048 3705 1074 3750 et
1086 3702 1146 3765 pri·

106 3772 235 3824 Platonis.
272 3771 328 3822 Von
351 3770 404 3821 ihm
426 3769 471 3821 hat
495 3768 583 3820 Cicero
635 3783 707 3818 mam
730 3784 757 3819 se
781 3766 908 3831 offerente
931 3769 1046 3820 radone.
1087 3767 1146 3821 llier

72 3839 123 3892 den
143 3838 247 3892 Timiius
266 3839 316 3892 und
337 3837 491 3904 Protagoras
509 3836 584 3890 uber·
636 3835 692 3888 sind
710 3835 752 3955 qile
769 3835 982 3902 grammatischen
1000 3837 1034 3902 (l,
1052 3838 1094 3901 12)
1112 3852 1146 3888 au

71 3913 147 3962 aetat.
286 3905 290 3914 ‘
635 3908 720 3957 verste
739 3919 763 3956 n.
