2684 4508
375 250 482 305 aanor
502 251 532 305 u.
550 251 566 317 s
584 252 692 305 is-m.
727 248 769 302 u.
787 249 802 316 s
823 252 845 302 1.
864 251 887 301 n.
1109 241 1149 309 tt

78 429 228 511 persuasio
243 436 361 509 patrum
376 427 597 489 numerantium
612 425 712 506 potius
722 423 950 486 declamationes
961 441 1049 502 quam
1063 422 1151 486 aesti-

78 515 231 577 mantium.
262 514 322 575 Sed
344 513 423 592 quod
446 511 504 574 disi
525 512 632 592 primo,
654 520 687 571 ut
710 508 959 583 arbitrandum,
980 527 1036 570 nec
1056 509 1152 572 illese
1173 515 1203 566 22

77 601 175 662 bonus
189 606 367 680 praeceptor
381 598 492 659 maiore
508 614 643 671 numero,
660 613 748 675 quem
762 594 909 657 sustinere
925 594 1028 672 possit,
1043 613 1152 657 onera·

78 686 122 747 bit
137 694 167 746 et
182 685 303 746 nimiam
319 683 527 762 loquacitatem
542 682 663 755 recidet,
685 689 719 742 ut
741 679 840 740 omnia
856 694 930 758 quac
946 680 1061 741 suntin
1078 699 1152 742 con·

79 770 230 845 troversia,
244 789 316 843 non,
328 777 362 830 ut
372 769 491 847 quidam
502 767 615 839 volunt,
627 784 703 845 quae
716 764 747 827 in
760 782 860 826 rerum
873 772 988 838 natura,
1000 765 1151 843 dicentum

78 865 107 918 et
122 856 169 917 vel
183 855 318 933 longiore
333 855 431 934 potius
446 853 562 914 dierum
578 852 674 932 spatio
689 849 797 911 laxabit
812 849 929 911 dicendi
945 851 1152 914 necessitatem

77 940 124 1002 vel
144 940 281 1002 materias
302 939 430 1002 dividere
452 937 612 1018 permittet.
642 935 805 1015 Diligenter
821 935 924 996 elleota
939 935 1006 1014 plus
1020 938 1154 1016 proderit
1175 938 1203 989 2³

78 1044 169 1105 quam
188 1027 290 1106 plures
309 1026 464 1087 inchoatae
485 1031 515 1084 et
529 1021 612 1102 quasi
626 1022 807 1099 degustatae.
838 1019 964 1099 Propter
979 1021 1059 1098 quod
1074 1023 1150 1085 acci·

79 1111 130 1184 dit,
146 1120 181 1172 ut
195 1129 251 1172 noc
266 1129 320 1172 suo
335 1111 402 1172 loco
418 1108 549 1188 quidque
564 1115 704 1186 ponatur,
727 1122 784 1165 nec
798 1104 856 1176 illa,
872 1122 947 1182 quae
963 1107 1056 1183 prima
1072 1115 1151 1182 sunt,

79 1205 196 1258 servent
214 1214 296 1258 auam
310 1195 416 1273 legem,
440 1191 596 1254 iuvenibus
615 1189 754 1251 flosculos
769 1189 903 1250 omnium
918 1191 1045 1269 partium
1061 1195 1090 1253 in
1107 1211 1152 1266 eu,

79 1298 154 1359 quae
169 1290 239 1344 sunt
250 1281 368 1354 dicturi,
380 1276 625 1357 congerentibus;
641 1293 701 1354 quo
713 1275 755 1347 tit,
768 1283 801 1335 ut
812 1274 959 1347 timentes,
974 1294 1011 1336 ne
1024 1294 1153 1356 sequen·

78 1366 116 1427 tia
131 1367 266 1448 perdant,
281 1366 382 1446 priora
397 1361 592 1425 confundant.

468 1563 771 1576 Ἣ

523 1733 632 1810 Garur
658 1733 710 1808 Vl.

374 1871 438 1944 DE
476 1870 861 1945 coclrlulortu.

165 2041 300 2114 Proxima
313 2041 381 2103 stilo
397 2041 588 2121 cogitatio
604 2048 658 2114 est,
674 2058 749 2119 quae
765 2040 873 2119 etipsa
887 2041 964 2103 vires
979 2041 1016 2102 ch
1032 2043 1089 2104 hoo
1104 2063 1153 2106 ac·
1177 2057 1190 2108 l

81 2127 151 2207 cipit
179 2135 208 2188 et
237 2128 316 2188 inter
351 2126 501 2189 scribendi
529 2124 661 2186 lahorem
692 2126 982 2204 extemporalemque
1005 2128 1155 2192 fortunam

80 2212 175 2273 media
191 2211 334 2291 quaedam
353 2220 383 2272 et
397 2211 500 2272 nescio
515 2229 553 2271 an
569 2229 641 2271 usus
663 2210 905 2289 frequentissimi.
935 2211 1009 2272 Nam
1023 2213 1154 2278 scrihere

82 2316 144 2358 nou
161 2296 272 2376 ubique
289 2315 345 2357 neo
361 2314 480 2374 semper
499 2314 675 2374 possumus;
698 2295 870 2375 cogitationi
892 2297 1033 2376 temporis
1048 2317 1082 2358 ao
1097 2300 1154 2361 loci

79 2378 240 2461 plurimum
256 2389 310 2442 est.
339 2380 419 2441 llaec
440 2380 544 2460 paucis
565 2380 721 2441 admodum
747 2381 828 2442 horis
842 2399 965 2461 magnas
981 2382 1066 2444 etism
1084 2403 1153 2447 ceu·

80 2484 126 2527 sas
148 2465 371 2546 complectitur;
395 2465 475 2539 haec,
498 2465 635 2544 quotiens
657 2465 843 2528 intermissus
865 2476 910 2528 est
929 2484 1061 2544 somnus,
1082 2469 1154 2551 ipsis

80 2552 178 2612 noctis
191 2549 324 2612 tenebris
338 2550 506 2626 adiuratum
520 2551 593 2614 haec
608 2551 688 2611 inter
702 2551 815 2613 medios
829 2569 929 2612 rerum
945 2561 1028 2615 sotus
1043 2553 1153 2634 aliquid

80 2636 193 2697 invenit
214 2636 295 2697 vacui
318 2633 375 2697 nec
396 2636 490 2697 otium
513 2636 633 2716 patitur.
675 2637 778 2715 Neque
797 2655 867 2698 vero
891 2655 992 2698 rerum
1017 2639 1190 2704 ordinem't

79 2771 157 2833 titus,
175 2784 209 2820 ne
223 2772 324 2834 ,oronim
342 2785 411 2835 quoe
427 2772 593 2836 scripserint,
678 2769 1155 2832 2³.ct-eonsooaans.1tusl²urcht

80 2837 202 2888 ediscant
226 2842 252 2888 et
274 2842 361 2903 certo,
387 2843 419 2890 ut
439 2841 522 2890 moris
545 2842 592 2904 est,
643 2852 687 2890 um
706 2837 752 2890 dns
764 2837 894 2904 l'olgeode
911 2856 943 2892 zu
958 2840 1079 2893 kommen
1092 2840 1115 2894 d.
1127 2843 1155 2895 li.

78 2904 124 2954 die
142 2905 248 2956 dirum:
267 2907 339 2970 quod
352 2906 458 2972 quidem
474 2909 593 2958 manime
643 2918 672 2958 es
689 2905 760 2958 nieht
771 2910 908 2972 vertragen
926 2923 958 2960 su
971 2908 1068 2973 disten,
1087 2911 1155 2962 lirim

78 2975 171 3038 patrm
188 2974 313 3036 erigunt,
333 2979 412 3038 atque
427 2978 468 3025 ita
486 2975 591 3026 dentem
643 2985 692 3040 gen
705 2973 743 3026 sie
756 2973 821 3026 auch
833 2973 858 3026 in
871 2974 917 3027 des
931 2974 1154 3044 Vosliergelrende,

79 3039 186 3090 studere
204 3039 301 3091 liberm
317 3054 387 3105 suos,
404 3043 429 3091 si
441 3057 520 3107 qoam
537 3042 592 3103 fre-
642 3056 697 3093 wcs
715 3040 753 3093 sie
765 3046 909 3109 rortregeu²
926 3042 1084 3112 Unordnuug
1102 3045 1154 3099 und

81 3109 252 3173 quentissime
281 3107 506 3173 acclamaverint,
535 3126 591 3162 ore·
642 3109 814 3177 Verwirrung.

81 3176 158 3241 dont,
175 3190 236 3226 eom
243 3176 384 3242 profectus
391 3179 538 3242 praecipue
550 3178 591 3229 di·
679 3181 700 3230 1.
719 3180 863 3244 corusco,
881 3178 922 3231 die
941 3178 1091 3245 Sammlung
1108 3179 1153 3233 dea

83 3243 195 3308 ligerito
213 3248 323 3296 constet.
641 3243 872 3310 Gedeoltenstolls‚
900 3246 945 3299 ms
972 3233 1152 3312 Ubudenkeo,

116 3313 157 3364 tt.
171 3314 262 3378 primo
276 3340 308 3351 -
321 3312 399 3364 libro.
416 3311 435 3377 1,
447 3314 471 3378 2,
485 3315 529 3368 to:
547 3329 592 3365 ne·
642 3312 687 3368 des
708 3315 861 3380 meditatio,
880 3314 937 3366 dem
958 3313 1153 3379 llurcbdenlten,

82 3395 133 3446 que
152 3385 313 3447 praereptor
336 3382 420 3432 bonus
440 3383 542 3433 maiore
564 3398 592 3433 ss
643 3381 709 3435 nche
726 3381 869 3436 verwandt.

83 3451 170 3514 uerte,
188 3464 269 3514 quam
280 3453 312 3500 ut
322 3452 452 3501 sustinm
464 3465 521 3501 eam
532 3466 592 3517 pos·
676 3456 763 3503 seem
782 3451 935 3516 cretumque
946 3449 1096 3515 fortunam,
1108 3449 1153 3503 das

78 3518 125 3581 sit,
143 3520 304 3569 oneraverit.
642 3534 702 3571 ron
718 3466 800 3570 undu
821 3517 965 3585 ablingige
979 3517 1153 3585 Extemporie-

118 3585 239 3650 longiore
251 3612 287 3625 ‹-
303 3588 400 3652 spatto‚
418 3584 519 3638 bemeht
535 3584 590 3638 sicli
641 3602 695 3650 ren,
713 3586 765 3652 agl.
778 3587 794 3650 ἦ
806 3590 830 3640 5.
842 3587 868 3640 d.
882 3589 905 3650 t,
919 3589 959 3641 13.

80 3651 128 3705 aui
138 3655 298 3706 consuetedo
308 3654 432 3705 classium
443 3657 526 3704 certis
538 3654 591 3705 die·
677 3655 765 3704 nermo
783 3670 819 3705 urs
837 3669 858 3707 s.
879 3659 900 3718 1,
919 3657 959 3709 65.

79 3722 344 3774 secundiceriorum
361 3721 387 3773 in
404 3723 422 3788 ξ
440 3723 481 3774 m.
677 3735 742 3772 usus
751 3721 970 3789 frequentissimi,
984 3717 1055 3774 ‘sein
1069 3721 1155 3790 biudg

80 3832 83 3842 .
116 3791 244 3847 murias
255 3791 382 3853 dividere,
400 3790 468 3842 kann
481 3803 529 3843 nm
541 3803 591 3843 vett
644 3783 838 3843 aasumenden’.

83 3854 128 3908 der
139 3856 291 3924 Verteilung
302 3857 348 3914 des
360 3857 455 3912 Stolles
467 3859 513 3912 sui
521 3857 592 3912 meh·
677 3872 769 3910 rorum
784 3863 884 3924 seua,
913 3858 1076 3926 gewolinlielr
1102 3875 1154 3913 von

81 3936 137 3978 rere
154 3924 224 3992 Tage
241 3926 395 3980 reremnden
413 3926 525 3982 werden.
644 3925 1154 3995 gerichilichentieschiitcngeesgt,vgl.
