2684 4508
356 251 463 304 cAPUT
481 252 499 304 1.
517 255 533 339 5
552 254 693 306 tte-1³1.
727 251 755 305 ΙΙ.
773 253 788 318 5
809 257 831 306 1.
849 255 873 306 2.
1104 250 1144 310 55

79 431 167 492 etiem
188 448 305 490 morum
321 429 412 509 gretia
429 428 566 507 legenda3
592 429 643 490 sed
666 428 696 489 in
712 428 878 507 eloquendo
894 437 1034 508 corrupte
1049 430 1146 509 plera-

80 536 137 595 que
159 524 247 596 atque
268 533 303 576 eo
325 513 588 594 perniciosissima,
615 514 695 591 quod
721 513 872 574 abundant
898 512 1033 576 dulcibus
1060 515 1144 577 vitiis.

79 601 174 663 Velles
196 618 264 661 eum
286 618 340 660 suo
362 598 483 677 ingenio
504 598 619 673 dixisse,
640 598 737 659 alieno
758 598 874 660 iudicio.
915 598 989 659 Nam
1009 598 1034 661 si
1048 599 1197 679 aliquaue

79 685 313 765 contempsisset,
329 684 354 745 si
368 701 472 762 perum
484 703 544 744 non
558 683 754 762 concupisset,
769 684 866 745 sinon
880 684 978 744 omnia
990 703 1041 746 suo
1052 703 1147 747 amns-

79 781 132 847 set,
149 772 172 832 si
187 789 288 831 rerum
299 769 430 849 pondere
447 767 650 830 minutissimis
664 769 820 830 sententiis
831 788 893 830 non
908 769 1051 848 fregisset,
1073 789 1146 832 con-

78 875 168 918 sensu
184 855 283 934 potius
298 854 480 915 eruditorum
495 872 583 932 quam
598 873 760 933 puerorum
775 872 875 915 amore
892 854 1145 934 comprobaretur.

80 942 190 1002 Verum
204 940 246 1001 sic
262 957 379 1018 quoque
394 939 449 999 iam
465 939 595 999 robustis
611 947 640 999 et
654 939 801 1000 severiore
815 957 925 1018 genere
941 939 1011 1002 satis
1025 941 1198 1002 firmatisltt

80 1027 223 1104 legendus
236 1024 279 1085 vel
290 1025 365 1098 ideo,
378 1025 457 1103 quod
469 1042 608 1084 exercere
620 1033 717 1104 potest
730 1025 880 1102 utrimque
891 1025 1040 1086 iudicium.
1056 1025 1147 1087 Multa

81 1111 170 1185 enim,
185 1120 217 1171 ut
232 1110 298 1185 dixi,
314 1108 514 1189 probandam
530 1128 575 1181 eo,
598 1108 689 1168 multa
711 1109 798 1167 etiam
814 1108 984 1187 admirande
999 1119 1078 1186 sunt,
1094 1111 1147 1171 eli-

83 1214 151 1274 gere
165 1196 252 1255 modo
268 1213 356 1254 curae
371 1194 423 1270 sit;
441 1193 520 1272 quod
535 1193 649 1253 utinam
660 1192 723 1271 ipse
735 1192 860 1254 iecisset.
891 1193 985 1272 Digna
999 1196 1078 1256 enim
1092 1198 1148 1258 fuit

81 1280 128 1341 illa
144 1288 254 1353 netum,
272 1298 346 1358 quae
362 1279 483 1339 meliora
497 1278 584 1338 vellet
590 1296 598 1353 ;
615 1279 693 1356 quod
709 1277 801 1338 voluit
816 1278 920 1339 effecit.

462 1481 765 1490 ————-———-

525 1634 634 1706 Csrur
660 1633 698 1708 lt.

355 1767 358 1772 ’
394 1784 457 1855 nn
493 1784 832 1859 intrusione.

164 1972 208 2032 Ex
229 1972 274 2032 his
296 1971 459 2051 ceterisque
481 1972 608 2034 lectione
629 1973 726 2052 dignis
747 1971 916 2034 auctoribus
938 1981 968 2033 et
988 1971 1146 2035 verborum
1168 1979 1183 2032 t

76 2057 220 2120 sumenda
235 2057 318 2136 copie
330 2064 374 2118 est
385 2067 414 2117 et
425 2058 548 2118 varietas
560 2059 723 2137 figurarum
733 2065 762 2117 et
774 2057 972 2136 componendi
984 2058 1067 2132 ratio,
1084 2066 1146 2119 tum

78 2145 113 2204 ed
135 2142 301 2221 exemplum
321 2137 463 2202 uirtutum
487 2142 619 2202 omnium
636 2159 721 2202 mens
742 2141 910 2219 derigenda.
941 2142 1044 2223 Neque
1066 2144 1146 2205 enim

78 2227 204 2288 dubitari
218 2234 325 2306 potest,
341 2227 412 2305 quin
428 2227 498 2288 artis
513 2245 582 2306 pars
593 2244 699 2306 magna
714 2226 901 2287 continentur
916 2226 1145 2290 imitatione.

76 2313 149 2374 Nam
165 2321 198 2372 ut
212 2312 345 2372 invenire
366 2311 496 2391 primum
517 2311 572 2372 fuit
593 2319 696 2391 estque
718 2312 922 2391 praecipuum,
945 2312 986 2373 sic
1003 2331 1045 2388 ee,
1069 2332 1144 2393 quae

77 2398 154 2457 bene
169 2398 288 2456 inventa
303 2404 381 2469 sunt,
396 2396 467 2457 utile
483 2397 576 2475 sequi.
612 2397 709 2475 Atque
725 2396 821 2457 omnis
835 2396 909 2458 vitae
924 2397 999 2458 ratio
1015 2398 1057 2459 sic
1073 2417 1146 2459 con·
1168 2404 1183 2454 2

79 2490 144 2554 stat,
160 2490 192 2541 ut
205 2498 280 2559 quae
292 2480 451 2558 probamus
463 2481 493 2541 in
509 2481 580 2556 eliis,
597 2482 693 2542 fecere
705 2480 760 2560 ipsi
773 2482 904 2542 velimus.
921 2481 969 2542 Sic
981 2482 1146 2545 litterarum

77 2567 192 2639 ductus,
208 2575 241 2625 nt
254 2565 402 2627 scribendi
414 2566 463 2627 fiat
479 2586 557 2642 usus,
572 2567 658 2647 pueri
670 2576 853 2645 sequuntur;
868 2567 910 2628 sic
924 2568 1029 2629 musici
1045 2586 1146 2630 vocem

76 2700 187 2764 dialogi.
214 2697 271 2751 Von
288 2699 377 2751 diesen
389 2699 534 2766 Gattungen
550 2698 585 2751 ist
635 2700 719 2761 Quint
738 2700 772 2751 im
786 2699 1146 2767 Gegensetzvonpuereuob

75 2783 124 2818 uns
136 2768 162 2817 in
174 2767 224 2818 den
236 2773 309 2819 sonst
321 2768 479 2819 zeblreicben
491 2767 585 2819 Schrif·
635 2773 659 2831 5,
674 2773 696 2821 1.
723 2766 781 2833 Vgl.
800 2768 864 2833 Nep.
882 2768 936 2820 Alc.
956 2771 979 2821 2.

76 2841 119 2886 ten
132 2834 243 2886 Senecas
256 2836 339 2888 nicbts
352 2837 427 2901 dbrig
441 2836 584 2902 geblieben.
668 2840 811 2902 utrimque,
820 2837 847 2886 in
861 2836 1039 2903 ubertregener
1049 2836 1146 2890 Bedeu-

112 2903 231 2952 dulcitur
251 2906 336 2964 vitiis,
360 2920 392 2955 en
410 2903 584 2970 Eigcnheiten,
637 2908 699 2969 tnng
716 2918 768 2954 von
781 2903 830 2954 den
842 2902 933 2955 beiden
946 2905 1147 2957 verschiedenen

77 2968 118 3020 die
136 2984 204 3020 zwur
220 2970 301 3031 viele,
322 2971 462 3022 besonders
476 2973 586 3036 jungere
636 2971 761 3034 Perteien,
782 2969 869 3036 binfig
886 2971 929 3022 bei
947 2971 1041 3040 Quint,
1059 2973 1146 3025 irdher

76 3036 156 3088 Lente
182 3036 291 3088 blenden
323 3038 374 3087 und
404 3038 481 3089 ibnen
510 3038 587 3089 nach·
636 3039 721 3100 nicbt;
739 3037 791 3105 vgl.
811 3043 834 3103 5,
853 3041 893 3091 20.

76 3104 267 3170 ahmungswert
285 3105 440 3166 erscbeinen,
461 3105 586 3157 trctzdem
674 3111 695 3159 1.
720 3106 757 3158 ad
780 3108 928 3172 coemptum
944 3136 978 3145 —
996 3109 1147 3172 dirigenda,

76 3172 137 3225 aber
154 3170 337 3224 eisFeblerzu
353 3173 508 3224 bezeichnen
521 3173 586 3225 sind.
636 3169 711 3227 ‘nncb
733 3173 790 3226 dem
816 3174 936 3227 Vorbilde
958 3202 990 3213 —
1013 3174 1079 3226 mnis
1103 3175 1147 3227 der

112 3240 357 3305 Valles-indicto,
367 3241 438 3292 scine
447 3240 585 3292 chanken
637 3241 708 3294 Geist
726 3243 797 3295 scine
809 3241 936 3308 Ricbtung
948 3234 1078 3294 etheiten'.
1105 3241 1147 3306 Vl,

75 3323 163 3360 waren
175 3307 343 3372 vortrefflich,
359 3309 414 3361 sein
426 3308 586 3361 Gescbmeck
637 3314 661 3374 5,
680 3312 707 3363 2:
727 3311 840 3376 Ideoque
851 3326 907 3375 nos,
925 3310 992 3375 quid
1001 3312 1031 3360 in
1043 3325 1148 3376 quaque

74 3376 133 3429 licis
150 3376 202 3428 viel
220 3392 252 3428 zu
270 3377 408 3429 wdnseben
425 3377 508 3444 tibrig.
636 3395 667 3429 re
691 3379 852 3444 requendum
879 3378 1076 3444 cavendumque
1102 3381 1147 3443 eit,

112 3447 167 3498 130.
185 3443 302 3496 Nam-
315 3449 487 3511 concupisset.
522 3445 585 3498 Eine
637 3448 760 3498 docemur
771 3463 804 3497 ac
816 3447 938 3511 deinceps
947 3447 1105 3509 docebimus,
1116 3450 1149 3498 ut

76 3512 585 3579 beiriedigendeWiederherstellungder
636 3515 672 3567 ad
693 3531 724 3564 en
750 3515 881 3564 iudicium
907 3515 1053 3579 dirigatur.
1087 3513 1147 3580 vgl.

77 3579 165 3632 Worte
182 3582 217 3632 ist
235 3581 320 3632 bisher
339 3582 409 3632 nicbt
426 3581 562 3648 gelungen.
637 3585 660 3646 t,
674 3584 703 3634 3:
721 3583 770 3632 Ad
786 3583 972 3648 eccmptum
990 3582 1066 3634 heiist
1081 3582 1148 3635 necb

110 3665 208 3699 amoro.
225 3647 284 3715 Vgl.
297 3648 337 3712 vt,
348 3653 371 3714 2,
384 3652 428 3700 12:
447 3665 523 3700 amor
534 3647 585 3703 πά·
636 3649 695 3701 dem
707 3648 836 3713 Vorbilde,
854 3665 874 3702 e.
884 3650 912 3714 11,
922 3652 946 3714 3,
959 3652 1001 3702 m:
1020 3651 1057 3701 ad
1066 3652 1148 3702 Pboe·

75 3715 140 3781 dos,
158 3720 257 3768 caritas
274 3703 349 3782 ἦθος.
384 3716 411 3768 ln
430 3734 507 3769 amor
522 3718 586 3784 liegt
636 3720 706 3769 uicis
717 3715 850 3768 Horrorem·
862 3719 1048 3784 exemplum
1060 3719 1148 3770 dicere

76 3785 165 3835 immet
180 3789 260 3836 etwas
271 3784 544 3847 Leidenscbeitlicbes3
564 3802 585 3838 s.
637 3802 669 3836 ac
695 3785 799 3848 facer03
829 3785 946 3852 degegen
974 3789 1009 3837 in
1038 3804 1148 3840 ecem·

75 3852 150 3918 594.
169 3854 192 3915 2,
213 3856 251 3904 19.
635 3854 727 3921 ptum
744 3869 802 3906 num
819 3852 950 3921 Vorbilde,
970 3854 1009 3907 als
1027 3855 1145 3917 Vorbild;
1246 3893 1249 3899 ·

109 3923 239 3985 robustis,
283 3913 501 3984 ‘Erwncbsenen’;
543 3923 585 3975 bei
637 3922 690 3989 vgl.
708 3922 724 3990 5
743 3925 758 3974 2
777 3921 828 3974 und
849 3925 888 3977 11.
