2684 4508
157 215 197 274 26
538 218 646 270 aanor
664 219 682 271 x.
700 223 715 285 s
735 223 843 274 33-37.

157 393 279 454 metrias
293 392 452 453 Phalereus
473 392 626 452 dicebatur
640 395 699 469 uti,
722 402 832 454 vestem
847 394 925 455 bene
943 396 976 455 ad
994 397 1146 458 larensem
1164 400 1234 476 pul·

105 488 133 538 tl
153 496 253 538 aerem
268 480 374 537 lacere.
404 477 457 538 Est
478 487 508 536 et
522 477 595 538 alius
608 496 647 537 ex
661 480 791 540 historiis
815 498 886 540 usus
909 489 937 540 et
959 481 983 540 is
999 481 1119 557 quidem
1135 485 1234 544 maxi·

156 581 224 623 mus
244 563 295 623 sed
320 582 380 623 non
403 562 438 622 ad
466 573 653 641 praesentem
678 565 833 642 pertinens
853 565 967 636 locum,
993 583 1029 624 ex
1055 568 1233 644 cognitione

158 666 256 708 rerum
271 647 541 726 exemplorumque,
556 647 664 726 quibus
675 648 812 726 inprimis
823 649 1058 710 instructusesse
1066 651 1158 712 debet
1165 671 1233 714 ora·

157 745 219 805 tor,
241 751 279 792 ne
295 732 392 792 omnia
408 733 577 793 testimonia
592 743 727 812 expectet
748 752 764 791 a
779 733 941 811 litigatore;
963 735 1015 794 sed
1035 734 1181 814 pleraque
1197 757 1233 798 ex

156 826 299 879 vetustate
314 817 471 896 diligenter
491 817 546 878 sibi
561 818 678 896 cognita
694 826 805 890 sumat,
821 819 878 878 hoc
893 819 1074 898 potentiora,
1099 823 1182 899 quod
1198 842 1241 891 ea¹

158 903 218 963 sola
236 902 409 962 criminibus
424 901 481 962 odii
498 912 527 962 et
540 902 649 980 gratiae
664 913 775 963 vacant.

107 997 135 1047 35
242 987 527 1065 Aphilosophorum
548 1005 618 1047 vero
640 987 767 1048 lectione
789 997 823 1048 ut
838 998 938 1048 essent
959 989 1051 1049 multa
1073 990 1163 1052 nobis
1177 1011 1231 1071 pe-

159 1071 260 1144 tenda,
281 1071 351 1131 vitio
372 1074 482 1132 iactum
503 1080 547 1133 est
570 1079 734 1147 oratorum,
761 1073 812 1150 qui
833 1073 951 1151 quidem
973 1073 1030 1134 illis
1049 1074 1164 1153 optima
1185 1077 1232 1138 sui

159 1157 257 1236 operis
272 1166 355 1235 parte
371 1167 533 1218 cesserunt.
564 1158 635 1217 Nam
652 1157 732 1218 etde
747 1157 848 1231 iustis,
871 1158 1018 1230 honestis,
1030 1155 1166 1222 'utilibus
1181 1162 1231 1223 iis·

159 1259 226 1320 que,
243 1259 318 1320 quae
334 1242 393 1302 sint
407 1242 470 1303 istis
485 1243 649 1314 contraria,
666 1244 745 1303 etde
761 1243 851 1304 rebus
866 1243 972 1304 divinis
987 1245 1111 1305 maxime
1126 1244 1233 1307 dicunt

159 1337 188 1386 et
202 1334 450 1405 argumentantur
465 1326 573 1386 acriter
587 1325 679 1387 Stoici
684 1346 692 1401 ;
715 1336 744 1387 et
764 1328 1006 1388 altercationibus
1026 1337 1116 1407 atque
1134 1330 1231 1391 inter·

106 1421 136 1471 ab
157 1411 362 1491 rogationibus
374 1419 520 1470 oratorem
530 1411 664 1471 futurum
681 1412 791 1490 optimo
804 1412 945 1473 Socratici
957 1422 1144 1492 praeparant
1171 1415 1232 1476 Sed

158 1497 204 1557 his
219 1515 339 1575 quoque
354 1493 555 1555 adhibendum
570 1503 614 1556 est
628 1496 723 1556 simile
737 1497 887 1570 iudicium,
902 1506 936 1558 ut
951 1498 1037 1557 etiarn
1052 1517 1121 1560 cum
1136 1500 1165 1560 in
1183 1501 1231 1564 ie-

159 1582 216 1641 bus
230 1597 381 1640 versemur
395 1579 496 1651 isdem,
515 1597 576 1639 non
592 1588 690 1640 tamen
708 1583 832 1641 eandem
846 1601 911 1643 esse
933 1582 1141 1644 condicionem
1155 1586 1231 1646 scia·

158 1683 224 1724 mus
239 1664 334 1723 litium
349 1681 383 1722 ac
399 1662 646 1741 disputationum,
667 1665 725 1723 lori
740 1674 770 1725 et
784 1667 935 1741 auditorii,
957 1676 1187 1747 praeceptorum
1202 1678 1232 1731 et

158 1747 368 1826 periculorum.

107 1844 136 1893 aa
244 1832 338 1893 Credo
363 1839 517 1893 exacturos
539 1831 713 1911 plerosque,
736 1850 805 1893 cum
827 1843 942 1896 tantum
962 1855 1027 1896 esse
1049 1837 1182 1898 utilitatis
1200 1840 1231 1899 in

158 1918 284 1995 legendo
299 1917 481 1990 iudicemus,
501 1925 533 1979 ut
549 1917 577 1978 id
594 1935 713 1996 quoque
730 1917 924 1996 adiungamus
939 1921 1032 2000 operi,
1052 1923 1102 1999 qui
1117 1923 1176 1984 sint
1193 1923 1232 1985 le-

158 2004 244 2083 paudi
256 2013 282 2062 et
297 2020 372 2082 quae
387 2002 418 2063 in
434 2011 554 2063 auctore
569 2020 689 2081 quoque
711 2003 869 2082 praecipua
885 2005 986 2065 virtus
1019 2005 1076 2067 Sed
1091 2009 1232 2087 persequi

160 2188 250 2238 lueida
276 2191 303 2238 at
329 2189 475 2239 uersicolor
500 2189 670 2253 quorundam
721 2187 762 2240 die
788 2186 954 2253 gericbtliche
980 2188 1142 2255 Disputatiou
1167 2192 1232 2243 awi-

161 2256 284 2319 alacutio,
302 2255 367 2306 doch
385 2257 419 2306 ist
437 2254 599 2317 unbekannt,
617 2271 670 2307 wer
720 2256 799 2309 scheu
813 2254 862 2307 den
875 2256 1030 2308 streitenden
1042 2256 1167 2321 Parteien,
1186 2258 1232 2311 der

159 2323 229 2375 diese
252 2321 340 2374 krihne
357 2321 490 2387 Metapber
512 2337 563 2375 von
581 2321 670 2375 Deme·
720 2327 850 2377 continua
876 2327 964 2375 aratio
995 2331 1231 2391 entgegengesetat.

161 2391 223 2442 trias
242 2390 381 2456 gebraucbt
399 2390 452 2443 bat.
482 2389 533 2442 Cic.
551 2389 583 2442 de
601 2390 669 2457 legg.
720 2391 805 2452 Quint
823 2390 928 2444 handell
945 2392 1054 2445 darhber
1074 2393 1232 2446 ausiribxlich

158 2459 283 2522 111,6,14
301 2464 358 2524 sagt
376 2473 427 2511 von
445 2458 509 2513 ihm:
528 2459 670 2511 Phalereus
720 2458 790 2525 Vl,4
807 2459 860 2512 und
878 2466 957 2517 neunt
969 2461 1006 2513 sie
1024 2465 1096 2512 aetio
1109 2464 1195 2512 breuia
1207 2467 1234 2512 at

159 2528 204 2578 ille
220 2528 417 2578 Darrrcim'as-
430 2528 591 2579 mirabiliter·
609 2529 670 2579 dac-
721 2531 828 2579 conara
851 2529 885 2580 im
909 2528 1066 2594 Gegensatae
1088 2543 1134 2579 aur
1161 2533 1232 2580 aetio

159 2599 259 2646 cunam
277 2612 312 2645 aaa
327 2595 490 2645 umbraculis
502 2595 670 2646 cruditorum
716 2599 856 2659 perpetua.

160 2666 267 2727 otioque
283 2677 336 2711 aaa
354 2663 431 2712 moda
449 2664 478 2711 iu
495 2663 575 2712 solam
589 2666 670 2727 atque
755 2660 894 2712 Socratici.
930 2660 1036 2710 lliermit
1047 2657 1104 2709 sind
1117 2656 1232 2712 offeubar

160 2732 190 2780 in
203 2731 351 2794 pulverem,
367 2729 414 2780 aad
429 2732 458 2778 iu
476 2732 564 2795 ipsum
576 2729 671 2781 doari-
721 2729 763 2780 die
781 2727 845 2778 auch
863 2741 911 2778 uns
933 2741 990 2777 zum
1008 2724 1066 2776 'leil
1083 2724 1232 2777 erhaltenen

160 2813 219 2848 mea
236 2799 373 2861 aaronque
384 2797 528 2862 produxit.
720 2793 849 2862 Schriften
882 2793 927 2844 des
956 2792 1045 2856 Plato,
1080 2791 1232 2861 Xenophon,

195 2865 343 2928 dicebatur,
360 2880 391 2917 zu
409 2865 493 2916 seiher
510 2865 573 2917 Zeit.
720 2862 854 2925 hesbines,
866 2859 989 2912 Sokratus
999 2861 1119 2926 gemeint,
1133 2860 1232 2928 V,r,28

195 2935 236 2984 34.
260 2933 393 2995 historiis,
419 2932 464 2984 der
485 2931 605 2998 Singulas
627 2932 670 2984 be—
722 2927 1233 2995 inquibualse.dialoglsSocraticorum)

161 3000 278 3052 aeichnet
301 3000 464 3064 gewbhnlich
487 3000 528 3051 die
550 3000 670 3064 Gattung,
721 2997 788 3050 adeo
810 2999 893 3047 scitae
913 3001 976 3047 eunt
999 3000 1233 3063 interrogationes,

161 3067 205 3120 der
223 3065 309 3119 Plaral
327 3067 371 3120 das
390 3066 621 3120 Gescbichtswerk.
721 3071 759 3130 ut,
777 3080 837 3116 eum
851 3065 987 3131 plerisque
999 3067 1062 3116 baua
1074 3067 1232 3130 respoudea-

193 3151 248 3186 oon
266 3135 352 3186 ad'-
371 3136 469 3199 iocum,
493 3135 548 3187 hier
566 3133 671 3186 handelt
722 3139 775 3194 tar,
793 3149 836 3183 ras
848 3139 935 3185 tamen
952 3134 989 3184 ad
999 3133 1035 3197 id,
1052 3134 1124 3198 pauori
1141 3134 1234 3185 valiant

161 3220 189 3258 es
201 3204 255 3256 sich
273 3219 316 3255 um
333 3203 383 3255 den
395 3203 495 3256 Nutuen
506 3202 547 3254 ihr
559 3203 600 3255 die
612 3201 672 3253 Dar·
722 3200 837 3264 afficere,
851 3204 996 3266 parveniat.

160 3273 281 3339 stellung‚
291 3271 381 3324 andeis
390 3271 442 3336 llll,
452 3276 467 3324 4
477 3271 530 3323 und
539 3270 569 3334 V,
580 3274 620 3334 11,
631 3273 672 3324 36.
757 3272 797 3322 36.
815 3275 853 3332 ut,
866 3269 938 3320 leitet
956 3270 1012 3322 eine
1025 3267 1170 3333 Folgernng
1182 3269 1232 3331 ein,

195 3360 211 3393 a
234 3343 370 3405 litigatore
392 3355 442 3392 von
461 3338 534 3403 dem,
557 3339 602 3392 der
623 3337 671 3390 den
724 3335 800 3389 sodaf
811 3372 819 3386 .
1122 3381 1125 3386 .

160 3408 265 3461 Prozels
287 3407 371 3470 tnhrt,
395 3405 493 3472 agili,
513 3405 672 3471 111611,
757 3408 961 3469 praeceptorum
991 3408 1016 3453 at
1043 3403 1233 3469 periculorum.

163 3482 186 3540 l,
204 3481 227 3532 3.
705 3472 758 3524 ·lm
777 3471 920 3537 Gegensata
943 3487 973 3523 aa
996 3470 1044 3523 den
1068 3470 1161 3523 beiden
1178 3485 1236 3524 vor·

197 3549 237 3598 35.
255 3545 368 3594 citio-
387 3545 534 3604 aratorum,
553 3540 671 3593 dasselbe
723 3539 889 3604 angebenden
915 3538 1033 3590 Gliedern
1056 3539 1090 3590 ist
1112 3538 1167 3589 hier
1190 3538 1235 3590 das

162 3608 671 3676 istauchLProoemdllausgesprocben.
723 3607 879 3672 Wicbtigere
906 3623 938 3659 au
964 3607 1006 3660 die
1029 3609 1052 3658 2.
1076 3604 1157 3658 Stelle
1183 3604 1236 3657 uod

196 3680 289 3744 Stoici,
307 3677 359 3744 vgl.
376 3679 448 3742 l,84.
465 3675 516 3741 xil,
528 3679 551 3739 2,
562 3679 594 3730 25
612 3679 672 3729 nul·
724 3676 801 3729 somit
817 3691 849 3727 an
869 3674 917 3727 den
937 3672 1040 3726 Schluls
1057 3672 1169 3738 gestella

163 3751 201 3800 lor
222 3750 271 3797 aut
287 3748 406 3809 probaro
429 3747 521 3796 amiue
543 3749 591 3796 aui
611 3762 672 3798 can·
757 3743 883 3809 pericula,
917 3741 1039 3792 bedeutet
1077 3739 1236 3806 gelehrvolle

163 3814 268 3866 cludere
284 3813 409 3864 subtilius
425 3813 598 3864 contendunt.
724 3799 922 3872 Rechtshandal,
935 3809 977 3860 bei
990 3808 1072 3875 denen
1085 3824 1113 3861 es
1125 3808 1181 3860 sich
1193 3823 1236 3861 um

196 3881 424 3935 altercationibus.
464 3881 612 3933 Altaraatio
640 3881 673 3932 ist
725 3879 810 3931 Leben
828 3876 880 3930 nnd
898 3875 1042 3942 vermigen
1060 3875 1172 3929 handelt
