<?xml version="1.0" encoding="UTF-8"?>
<!DOCTYPE html PUBLIC "-//W3C//DTD XHTML 1.0 Transitional//EN"
    "http://www.w3.org/TR/xhtml1/DTD/xhtml1-transitional.dtd">
<html xmlns="http://www.w3.org/1999/xhtml" xml:lang="en" lang="en">
 <head>
  <title>
</title>
<meta http-equiv="Content-Type" content="text/html;charset=utf-8" />
  <meta name='ocr-system' content='tesseract 3.04.00' />
  <meta name='ocr-capabilities' content='ocr_page ocr_carea ocr_par ocr_line ocrx_word'/>
</head>
<body>
  <div class='ocr_page' id='page_1' title='image "./mfabiiquintilia03quingoog_0028.png"; bbox 0 0 2684 4508; ppageno 0'>
   <div class='ocr_carea' id='block_1_1' title="bbox 490 241 1177 309">
    <p class='ocr_par' dir='ltr' id='par_1_1' title="bbox 490 241 1177 309">
     <span class='ocr_line' id='line_1_1' title="bbox 490 241 1177 309; baseline 0.015 -17"><span class='ocrx_word' id='word_1_1' title='bbox 490 241 598 293; x_wconf 80' lang='lat' dir='ltr'><strong>oneur</strong></span> <span class='ocrx_word' id='word_1_2' title='bbox 615 242 633 297; x_wconf 82' lang='grc' dir='ltr'><strong>ι.</strong></span> <span class='ocrx_word' id='word_1_3' title='bbox 652 244 668 309; x_wconf 71' lang='grc' dir='ltr'><strong>ς</strong></span> <span class='ocrx_word' id='word_1_4' title='bbox 688 245 796 297; x_wconf 80' lang='lat' dir='ltr'><strong>ae-eo.</strong></span> <span class='ocrx_word' id='word_1_5' title='bbox 1136 242 1177 304; x_wconf 80' lang='grc'><strong>13</strong></span> 
     </span>
    </p>
   </div>
   <div class='ocr_carea' id='block_1_2' title="bbox 43 413 1234 1846">
    <p class='ocr_par' dir='ltr' id='par_1_2' title="bbox 108 413 1231 740">
     <span class='ocr_line' id='line_1_2' title="bbox 110 413 1178 494; baseline 0.006 -21"><span class='ocrx_word' id='word_1_6' title='bbox 110 414 326 474; x_wconf 79' lang='lat' dir='ltr'><strong>exercitationis</strong></span> <span class='ocrx_word' id='word_1_7' title='bbox 340 414 434 490; x_wconf 84' lang='lat' dir='ltr'><strong>gretia</strong></span> <span class='ocrx_word' id='word_1_8' title='bbox 447 413 576 492; x_wconf 77' lang='lat' dir='ltr'><strong>scripsit,</strong></span> <span class='ocrx_word' id='word_1_9' title='bbox 592 415 704 475; x_wconf 89' lang='lat' dir='ltr'><strong>etiamsi</strong></span> <span class='ocrx_word' id='word_1_10' title='bbox 719 416 812 494; x_wconf 78' lang='lat' dir='ltr'><strong>egisse</strong></span> <span class='ocrx_word' id='word_1_11' title='bbox 828 434 895 475; x_wconf 92' lang='lat' dir='ltr'><strong>eum</strong></span> <span class='ocrx_word' id='word_1_12' title='bbox 908 416 1064 477; x_wconf 87' lang='lat' dir='ltr'><strong>Cornelius</strong></span> <span class='ocrx_word' id='word_1_13' title='bbox 1077 417 1178 479; x_wconf 89' lang='lat' dir='ltr'><strong>Celsus</strong></span> 
     </span>
     <span class='ocr_line' id='line_1_3' title="bbox 108 497 1231 574; baseline 0.006 -16"><span class='ocrx_word' id='word_1_14' title='bbox 108 499 180 558; x_wconf 86' lang='lat' dir='ltr'><strong>lolso</strong></span> <span class='ocrx_word' id='word_1_15' title='bbox 196 498 350 571; x_wconf 84' lang='lat' dir='ltr'><strong>existimat,</strong></span> <span class='ocrx_word' id='word_1_16' title='bbox 367 497 499 558; x_wconf 90' lang='lat' dir='ltr'><strong>etPollio</strong></span> <span class='ocrx_word' id='word_1_17' title='bbox 514 506 544 558; x_wconf 92' lang='lat' dir='ltr'><strong>et</strong></span> <span class='ocrx_word' id='word_1_18' title='bbox 555 499 675 560; x_wconf 83' lang='lat' dir='ltr'><strong>Messala</strong></span> <span class='ocrx_word' id='word_1_19' title='bbox 691 500 888 561; x_wconf 80' lang='lat' dir='ltr'><strong>defenderunt</strong></span> <span class='ocrx_word' id='word_1_20' title='bbox 904 502 1032 574; x_wconf 88' lang='lat' dir='ltr'><strong>eosdem,</strong></span> <span class='ocrx_word' id='word_1_21' title='bbox 1049 511 1078 561; x_wconf 92' lang='lat' dir='ltr'><strong>et</strong></span> <span class='ocrx_word' id='word_1_22' title='bbox 1093 502 1181 564; x_wconf 93' lang='lat' dir='ltr'><strong>nobis</strong></span> <span class='ocrx_word' id='word_1_23' title='bbox 1201 513 1231 565; x_wconf 78' lang='lat'><strong>24</strong></span> 
     </span>
     <span class='ocr_line' id='line_1_4' title="bbox 108 581 1178 664; baseline 0.003 -20"><span class='ocrx_word' id='word_1_24' title='bbox 108 583 209 662; x_wconf 89' lang='lat' dir='ltr'><strong>pueris</strong></span> <span class='ocrx_word' id='word_1_25' title='bbox 231 583 364 660; x_wconf 87' lang='lat' dir='ltr'><strong>insignes</strong></span> <span class='ocrx_word' id='word_1_26' title='bbox 386 601 442 660; x_wconf 95' lang='lat' dir='ltr'><strong>pro</strong></span> <span class='ocrx_word' id='word_1_27' title='bbox 464 581 613 644; x_wconf 83' lang='lat' dir='ltr'><strong>Voluseno</strong></span> <span class='ocrx_word' id='word_1_28' title='bbox 637 584 739 644; x_wconf 82' lang='lat' dir='ltr'><strong>Catulo</strong></span> <span class='ocrx_word' id='word_1_29' title='bbox 756 584 875 645; x_wconf 87' lang='lat' dir='ltr'><strong>Domitii</strong></span> <span class='ocrx_word' id='word_1_30' title='bbox 890 585 967 659; x_wconf 77' lang='lat' dir='ltr'><strong>arri,</strong></span> <span class='ocrx_word' id='word_1_31' title='bbox 991 586 1086 664; x_wconf 81' lang='lat' dir='ltr'><strong>Crispi</strong></span> <span class='ocrx_word' id='word_1_32' title='bbox 1109 587 1178 648; x_wconf 86' lang='lat' dir='ltr'><strong>Pas-</strong></span> 
     </span>
     <span class='ocr_line' id='line_1_5' title="bbox 110 666 789 740; baseline 0.001 -12"><span class='ocrx_word' id='word_1_33' title='bbox 110 667 194 740; x_wconf 87' lang='lat' dir='ltr'><strong>sieni,</strong></span> <span class='ocrx_word' id='word_1_34' title='bbox 210 667 323 728; x_wconf 80' lang='lat' dir='ltr'><strong>Decimi</strong></span> <span class='ocrx_word' id='word_1_35' title='bbox 339 666 429 727; x_wconf 87' lang='lat' dir='ltr'><strong>Laelii</strong></span> <span class='ocrx_word' id='word_1_36' title='bbox 444 669 593 728; x_wconf 89' lang='lat' dir='ltr'><strong>orationes</strong></span> <span class='ocrx_word' id='word_1_37' title='bbox 608 669 789 729; x_wconf 76' lang='lat' dir='ltr'><strong>serebantur.</strong></span> 
     </span>
    </p>

    <p class='ocr_par' dir='ltr' id='par_1_3' title="bbox 43 752 1234 1846">
     <span class='ocr_line' id='line_1_6' title="bbox 195 752 1180 834; baseline 0.005 -23"><span class='ocrx_word' id='word_1_38' title='bbox 195 753 299 830; x_wconf 86' lang='lat' dir='ltr'><strong>Neque</strong></span> <span class='ocrx_word' id='word_1_39' title='bbox 313 752 341 811; x_wconf 92' lang='lat' dir='ltr'><strong>id</strong></span> <span class='ocrx_word' id='word_1_40' title='bbox 357 752 453 812; x_wconf 86' lang='lat' dir='ltr'><strong>statim</strong></span> <span class='ocrx_word' id='word_1_41' title='bbox 468 752 577 831; x_wconf 84' lang='lat' dir='ltr'><strong>legenti</strong></span> <span class='ocrx_word' id='word_1_42' title='bbox 592 771 766 831; x_wconf 83' lang='lat' dir='ltr'><strong>persuasum</strong></span> <span class='ocrx_word' id='word_1_43' title='bbox 781 753 834 824; x_wconf 84' lang='lat' dir='ltr'><strong>sit,</strong></span> <span class='ocrx_word' id='word_1_44' title='bbox 855 753 968 828; x_wconf 87' lang='lat' dir='ltr'><strong>omnia,</strong></span> <span class='ocrx_word' id='word_1_45' title='bbox 985 772 1061 832; x_wconf 89' lang='lat' dir='ltr'><strong>quae</strong></span> <span class='ocrx_word' id='word_1_46' title='bbox 1076 756 1180 834; x_wconf 94' lang='lat' dir='ltr'><strong>optimi</strong></span> 
     </span>
     <span class='ocr_line' id='line_1_7' title="bbox 110 836 1180 918; baseline 0.002 -20"><span class='ocrx_word' id='word_1_47' title='bbox 110 846 248 898; x_wconf 80' lang='lat' dir='ltr'><strong>auctores</strong></span> <span class='ocrx_word' id='word_1_48' title='bbox 262 836 406 909; x_wconf 83' lang='lat' dir='ltr'><strong>dixerint,</strong></span> <span class='ocrx_word' id='word_1_49' title='bbox 429 836 532 915; x_wconf 88' lang='lat' dir='ltr'><strong>utique</strong></span> <span class='ocrx_word' id='word_1_50' title='bbox 554 856 619 898; x_wconf 91' lang='lat' dir='ltr'><strong>esse</strong></span> <span class='ocrx_word' id='word_1_51' title='bbox 640 840 780 918; x_wconf 83' lang='lat' dir='ltr'><strong>perlecto.</strong></span> <span class='ocrx_word' id='word_1_52' title='bbox 817 839 890 898; x_wconf 82' lang='lat' dir='ltr'><strong>Nem</strong></span> <span class='ocrx_word' id='word_1_53' title='bbox 913 850 942 899; x_wconf 89' lang='lat' dir='ltr'><strong>et</strong></span> <span class='ocrx_word' id='word_1_54' title='bbox 964 838 1105 899; x_wconf 89' lang='lat' dir='ltr'><strong>labuntur</strong></span> <span class='ocrx_word' id='word_1_55' title='bbox 1128 840 1180 900; x_wconf 89' lang='lat' dir='ltr'><strong>ali·</strong></span> 
     </span>
     <span class='ocr_line' id='line_1_8' title="bbox 112 920 1179 1001; baseline 0.004 -19"><span class='ocrx_word' id='word_1_56' title='bbox 112 923 230 1000; x_wconf 91' lang='lat' dir='ltr'><strong>quando</strong></span> <span class='ocrx_word' id='word_1_57' title='bbox 252 931 281 981; x_wconf 90' lang='lat' dir='ltr'><strong>et</strong></span> <span class='ocrx_word' id='word_1_58' title='bbox 296 921 379 981; x_wconf 91' lang='lat' dir='ltr'><strong>oneri</strong></span> <span class='ocrx_word' id='word_1_59' title='bbox 394 920 504 983; x_wconf 89' lang='lat' dir='ltr'><strong>cedunt</strong></span> <span class='ocrx_word' id='word_1_60' title='bbox 525 931 554 981; x_wconf 93' lang='lat' dir='ltr'><strong>et</strong></span> <span class='ocrx_word' id='word_1_61' title='bbox 569 923 725 1001; x_wconf 82' lang='lat' dir='ltr'><strong>indulgent</strong></span> <span class='ocrx_word' id='word_1_62' title='bbox 741 923 928 1001; x_wconf 82' lang='lat' dir='ltr'><strong>ingeniorum</strong></span> <span class='ocrx_word' id='word_1_63' title='bbox 950 941 1072 984; x_wconf 86' lang='lat' dir='ltr'><strong>suorum</strong></span> <span class='ocrx_word' id='word_1_64' title='bbox 1095 925 1179 985; x_wconf 92' lang='lat' dir='ltr'><strong>volu-</strong></span> 
     </span>
     <span class='ocr_line' id='line_1_9' title="bbox 110 1006 1179 1087; baseline 0.004 -21"><span class='ocrx_word' id='word_1_65' title='bbox 110 1006 200 1086; x_wconf 82' lang='lat' dir='ltr'><strong>ptati,</strong></span> <span class='ocrx_word' id='word_1_66' title='bbox 222 1024 276 1066; x_wconf 88' lang='lat' dir='ltr'><strong>nee</strong></span> <span class='ocrx_word' id='word_1_67' title='bbox 291 1023 408 1084; x_wconf 90' lang='lat' dir='ltr'><strong>semper</strong></span> <span class='ocrx_word' id='word_1_68' title='bbox 422 1006 582 1067; x_wconf 88' lang='lat' dir='ltr'><strong>intendunt</strong></span> <span class='ocrx_word' id='word_1_69' title='bbox 597 1008 743 1081; x_wconf 87' lang='lat' dir='ltr'><strong>animum,</strong></span> <span class='ocrx_word' id='word_1_70' title='bbox 760 1026 986 1086; x_wconf 82' lang='lat' dir='ltr'><strong>nonnumquam</strong></span> <span class='ocrx_word' id='word_1_71' title='bbox 1002 1010 1179 1087; x_wconf 78' lang='lat' dir='ltr'><strong>fatigantur3</strong></span> 
     </span>
     <span class='ocr_line' id='line_1_10' title="bbox 111 1088 1179 1166; baseline 0.003 -15"><span class='ocrx_word' id='word_1_72' title='bbox 111 1109 180 1152; x_wconf 90' lang='lat' dir='ltr'><strong>cum</strong></span> <span class='ocrx_word' id='word_1_73' title='bbox 192 1090 326 1151; x_wconf 86' lang='lat' dir='ltr'><strong>Ciceroni</strong></span> <span class='ocrx_word' id='word_1_74' title='bbox 341 1088 500 1152; x_wconf 91' lang='lat' dir='ltr'><strong>dormitare</strong></span> <span class='ocrx_word' id='word_1_75' title='bbox 509 1092 627 1152; x_wconf 90' lang='lat' dir='ltr'><strong>interim</strong></span> <span class='ocrx_word' id='word_1_76' title='bbox 640 1093 864 1166; x_wconf 72' lang='lat' dir='ltr'><strong>demosthenes,</strong></span> <span class='ocrx_word' id='word_1_77' title='bbox 880 1093 1001 1153; x_wconf 89' lang='lat' dir='ltr'><strong>Horatio</strong></span> <span class='ocrx_word' id='word_1_78' title='bbox 1012 1112 1082 1154; x_wconf 85' lang='lat' dir='ltr'><strong>vere</strong></span> <span class='ocrx_word' id='word_1_79' title='bbox 1093 1095 1179 1154; x_wconf 89' lang='lat' dir='ltr'><strong>etiam</strong></span> 
     </span>
     <span class='ocr_line' id='line_1_11' title="bbox 43 1175 1232 1253; baseline 0.002 -17"><span class='ocrx_word' id='word_1_80' title='bbox 43 1207 47 1215; x_wconf 86' lang='lat'>·</span> <span class='ocrx_word' id='word_1_81' title='bbox 111 1176 259 1237; x_wconf 89' lang='lat' dir='ltr'><strong>Homerus</strong></span> <span class='ocrx_word' id='word_1_82' title='bbox 272 1175 335 1253; x_wconf 89' lang='lat' dir='ltr'><strong>ipse</strong></span> <span class='ocrx_word' id='word_1_83' title='bbox 350 1175 490 1236; x_wconf 89' lang='lat' dir='ltr'><strong>videatur.</strong></span> <span class='ocrx_word' id='word_1_84' title='bbox 518 1177 632 1237; x_wconf 87' lang='lat' dir='ltr'><strong>Summi</strong></span> <span class='ocrx_word' id='word_1_85' title='bbox 646 1176 725 1237; x_wconf 93' lang='lat' dir='ltr'><strong>enim</strong></span> <span class='ocrx_word' id='word_1_86' title='bbox 741 1184 820 1248; x_wconf 91' lang='lat' dir='ltr'><strong>sunt,</strong></span> <span class='ocrx_word' id='word_1_87' title='bbox 835 1176 972 1238; x_wconf 89' lang='lat' dir='ltr'><strong>homines</strong></span> <span class='ocrx_word' id='word_1_88' title='bbox 983 1186 1090 1252; x_wconf 73' lang='lat' dir='ltr'><strong>tamem</strong></span> <span class='ocrx_word' id='word_1_89' title='bbox 1105 1180 1182 1240; x_wconf 91' lang='lat' dir='ltr'><strong>acci·</strong></span> <span class='ocrx_word' id='word_1_90' title='bbox 1204 1187 1232 1238; x_wconf 76' lang='lat'><strong>25</strong></span> 
     </span>
     <span class='ocr_line' id='line_1_12' title="bbox 112 1259 1182 1343; baseline 0.004 -23"><span class='ocrx_word' id='word_1_91' title='bbox 112 1261 211 1338; x_wconf 85' lang='lat' dir='ltr'><strong>ditque</strong></span> <span class='ocrx_word' id='word_1_92' title='bbox 226 1261 287 1333; x_wconf 86' lang='lat' dir='ltr'><strong>his,</strong></span> <span class='ocrx_word' id='word_1_93' title='bbox 310 1259 377 1338; x_wconf 87' lang='lat' dir='ltr'><strong>qui,</strong></span> <span class='ocrx_word' id='word_1_94' title='bbox 398 1261 542 1339; x_wconf 89' lang='lat' dir='ltr'><strong>quidquid</strong></span> <span class='ocrx_word' id='word_1_95' title='bbox 558 1261 636 1338; x_wconf 90' lang='lat' dir='ltr'><strong>apud</strong></span> <span class='ocrx_word' id='word_1_96' title='bbox 651 1260 716 1320; x_wconf 92' lang='lat' dir='ltr'><strong>illos</strong></span> <span class='ocrx_word' id='word_1_97' title='bbox 731 1270 923 1338; x_wconf 88' lang='lat' dir='ltr'><strong>repererunt,</strong></span> <span class='ocrx_word' id='word_1_98' title='bbox 946 1261 1064 1324; x_wconf 89' lang='lat' dir='ltr'><strong>dicendi</strong></span> <span class='ocrx_word' id='word_1_99' title='bbox 1086 1264 1182 1343; x_wconf 85' lang='lat' dir='ltr'><strong>legem</strong></span> 
     </span>
     <span class='ocr_line' id='line_1_13' title="bbox 110 1344 1181 1425; baseline 0.004 -21"><span class='ocrx_word' id='word_1_100' title='bbox 110 1354 225 1425; x_wconf 83' lang='lat' dir='ltr'><strong>putent,</strong></span> <span class='ocrx_word' id='word_1_101' title='bbox 241 1353 274 1404; x_wconf 91' lang='lat' dir='ltr'><strong>ut</strong></span> <span class='ocrx_word' id='word_1_102' title='bbox 288 1344 435 1404; x_wconf 91' lang='lat' dir='ltr'><strong>deteriora</strong></span> <span class='ocrx_word' id='word_1_103' title='bbox 449 1346 612 1417; x_wconf 89' lang='lat' dir='ltr'><strong>imitentur,</strong></span> <span class='ocrx_word' id='word_1_104' title='bbox 626 1344 669 1420; x_wconf 88' lang='lat' dir='ltr'><strong>(id</strong></span> <span class='ocrx_word' id='word_1_105' title='bbox 685 1345 763 1404; x_wconf 91' lang='lat' dir='ltr'><strong>enim</strong></span> <span class='ocrx_word' id='word_1_106' title='bbox 776 1353 820 1405; x_wconf 90' lang='lat' dir='ltr'><strong>est</strong></span> <span class='ocrx_word' id='word_1_107' title='bbox 829 1345 954 1419; x_wconf 82' lang='lat' dir='ltr'><strong>lucilius)</strong></span> <span class='ocrx_word' id='word_1_108' title='bbox 969 1365 1003 1407; x_wconf 90' lang='lat' dir='ltr'><strong>ac</strong></span> <span class='ocrx_word' id='word_1_109' title='bbox 1019 1365 1050 1408; x_wconf 92' lang='lat' dir='ltr'><strong>se</strong></span> <span class='ocrx_word' id='word_1_110' title='bbox 1063 1347 1181 1408; x_wconf 92' lang='lat' dir='ltr'><strong>abunde</strong></span> 
     </span>
     <span class='ocr_line' id='line_1_14' title="bbox 110 1429 1234 1508; baseline 0 -17"><span class='ocrx_word' id='word_1_111' title='bbox 110 1429 220 1491; x_wconf 85' lang='lat' dir='ltr'><strong>similes</strong></span> <span class='ocrx_word' id='word_1_112' title='bbox 235 1437 351 1507; x_wconf 89' lang='lat' dir='ltr'><strong>putent,</strong></span> <span class='ocrx_word' id='word_1_113' title='bbox 368 1429 392 1490; x_wconf 92' lang='lat' dir='ltr'><strong>si</strong></span> <span class='ocrx_word' id='word_1_114' title='bbox 407 1429 476 1489; x_wconf 85' lang='lat' dir='ltr'><strong>vitio</strong></span> <span class='ocrx_word' id='word_1_115' title='bbox 490 1447 666 1507; x_wconf 84' lang='lat' dir='ltr'><strong>magnorum</strong></span> <span class='ocrx_word' id='word_1_116' title='bbox 682 1439 912 1508; x_wconf 89' lang='lat' dir='ltr'><strong>consequantur.</strong></span> <span class='ocrx_word' id='word_1_117' title='bbox 939 1431 1072 1493; x_wconf 84' lang='lat' dir='ltr'><strong>Modesto</strong></span> <span class='ocrx_word' id='word_1_118' title='bbox 1084 1442 1182 1492; x_wconf 90' lang='lat' dir='ltr'><strong>tamen</strong></span> <span class='ocrx_word' id='word_1_119' title='bbox 1205 1441 1234 1491; x_wconf 77' lang='grc'><strong>16</strong></span> 
     </span>
     <span class='ocr_line' id='line_1_15' title="bbox 112 1513 1182 1593; baseline 0.004 -19"><span class='ocrx_word' id='word_1_120' title='bbox 112 1526 142 1574; x_wconf 91' lang='lat' dir='ltr'><strong>et</strong></span> <span class='ocrx_word' id='word_1_121' title='bbox 159 1515 377 1592; x_wconf 90' lang='lat' dir='ltr'><strong>circumspecto</strong></span> <span class='ocrx_word' id='word_1_122' title='bbox 399 1513 507 1573; x_wconf 90' lang='lat' dir='ltr'><strong>iudicio</strong></span> <span class='ocrx_word' id='word_1_123' title='bbox 531 1513 567 1574; x_wconf 89' lang='lat' dir='ltr'><strong>de</strong></span> <span class='ocrx_word' id='word_1_124' title='bbox 586 1515 676 1574; x_wconf 89' lang='lat' dir='ltr'><strong>tantis</strong></span> <span class='ocrx_word' id='word_1_125' title='bbox 690 1514 759 1575; x_wconf 83' lang='lat' dir='ltr'><strong>viris</strong></span> <span class='ocrx_word' id='word_1_126' title='bbox 781 1515 1037 1593; x_wconf 91' lang='lat' dir='ltr'><strong>pronuntiandum</strong></span> <span class='ocrx_word' id='word_1_127' title='bbox 1053 1526 1111 1591; x_wconf 88' lang='lat' dir='ltr'><strong>est,</strong></span> <span class='ocrx_word' id='word_1_128' title='bbox 1135 1535 1182 1590; x_wconf 90' lang='lat' dir='ltr'><strong>ne,</strong></span> 
     </span>
     <span class='ocr_line' id='line_1_16' title="bbox 111 1597 1183 1679; baseline 0.003 -20"><span class='ocrx_word' id='word_1_129' title='bbox 111 1600 191 1677; x_wconf 91' lang='lat' dir='ltr'><strong>quod</strong></span> <span class='ocrx_word' id='word_1_130' title='bbox 206 1598 357 1676; x_wconf 89' lang='lat' dir='ltr'><strong>plerisque</strong></span> <span class='ocrx_word' id='word_1_131' title='bbox 372 1597 486 1670; x_wconf 87' lang='lat' dir='ltr'><strong>accidit,</strong></span> <span class='ocrx_word' id='word_1_132' title='bbox 503 1598 644 1659; x_wconf 92' lang='lat' dir='ltr'><strong>damnent</strong></span> <span class='ocrx_word' id='word_1_133' title='bbox 654 1617 729 1677; x_wconf 89' lang='lat' dir='ltr'><strong>quae</strong></span> <span class='ocrx_word' id='word_1_134' title='bbox 745 1618 807 1659; x_wconf 94' lang='lat' dir='ltr'><strong>non</strong></span> <span class='ocrx_word' id='word_1_135' title='bbox 823 1600 1009 1679; x_wconf 84' lang='lat' dir='ltr'><strong>intellegunt.</strong></span> <span class='ocrx_word' id='word_1_136' title='bbox 1035 1603 1077 1662; x_wconf 77' lang='lat' dir='ltr'><strong>Ac</strong></span> <span class='ocrx_word' id='word_1_137' title='bbox 1090 1602 1113 1663; x_wconf 91' lang='lat' dir='ltr'><strong>si</strong></span> <span class='ocrx_word' id='word_1_138' title='bbox 1130 1620 1183 1662; x_wconf 90' lang='lat' dir='ltr'><strong>ne-</strong></span> 
     </span>
     <span class='ocr_line' id='line_1_17' title="bbox 112 1682 1182 1765; baseline 0.004 -22"><span class='ocrx_word' id='word_1_139' title='bbox 112 1701 194 1744; x_wconf 90' lang='lat' dir='ltr'><strong>cesse</strong></span> <span class='ocrx_word' id='word_1_140' title='bbox 210 1691 254 1743; x_wconf 89' lang='lat' dir='ltr'><strong>est</strong></span> <span class='ocrx_word' id='word_1_141' title='bbox 268 1682 298 1742; x_wconf 92' lang='lat' dir='ltr'><strong>in</strong></span> <span class='ocrx_word' id='word_1_142' title='bbox 315 1682 436 1742; x_wconf 90' lang='lat' dir='ltr'><strong>alteram</strong></span> <span class='ocrx_word' id='word_1_143' title='bbox 452 1700 551 1743; x_wconf 82' lang='lat' dir='ltr'><strong>errore</strong></span> <span class='ocrx_word' id='word_1_144' title='bbox 566 1693 689 1762; x_wconf 90' lang='lat' dir='ltr'><strong>partem,</strong></span> <span class='ocrx_word' id='word_1_145' title='bbox 705 1685 804 1744; x_wconf 90' lang='lat' dir='ltr'><strong>omnia</strong></span> <span class='ocrx_word' id='word_1_146' title='bbox 820 1703 924 1745; x_wconf 88' lang='lat' dir='ltr'><strong>eorum</strong></span> <span class='ocrx_word' id='word_1_147' title='bbox 935 1685 1104 1764; x_wconf 84' lang='lat' dir='ltr'><strong>legentibus</strong></span> <span class='ocrx_word' id='word_1_148' title='bbox 1119 1687 1182 1765; x_wconf 92' lang='lat' dir='ltr'><strong>pla·</strong></span> 
     </span>
     <span class='ocr_line' id='line_1_18' title="bbox 113 1765 738 1846; baseline 0.003 -20"><span class='ocrx_word' id='word_1_149' title='bbox 113 1785 181 1827; x_wconf 90' lang='lat' dir='ltr'><strong>cere</strong></span> <span class='ocrx_word' id='word_1_150' title='bbox 197 1785 284 1845; x_wconf 88' lang='lat' dir='ltr'><strong>quam</strong></span> <span class='ocrx_word' id='word_1_151' title='bbox 301 1765 391 1826; x_wconf 93' lang='lat' dir='ltr'><strong>multa</strong></span> <span class='ocrx_word' id='word_1_152' title='bbox 406 1767 561 1846; x_wconf 90' lang='lat' dir='ltr'><strong>displicere</strong></span> <span class='ocrx_word' id='word_1_153' title='bbox 575 1769 738 1829; x_wconf 89' lang='lat' dir='ltr'><strong>maluerim.</strong></span> 
     </span>
    </p>
   </div>
   <div class='ocr_carea' id='block_1_3' title="bbox 95 1933 1227 3958">
    <p class='ocr_par' dir='ltr' id='par_1_4' title="bbox 95 1933 1227 3958">
     <span class='ocr_line' id='line_1_19' title="bbox 113 1933 1184 2002; baseline 0.003 -17"><span class='ocrx_word' id='word_1_154' title='bbox 113 1934 192 1999; x_wconf 80' lang='lat' dir='ltr'><strong>tigen,</strong></span> <span class='ocrx_word' id='word_1_155' title='bbox 208 1933 268 1984; x_wconf 87' lang='lat' dir='ltr'><strong>weil</strong></span> <span class='ocrx_word' id='word_1_156' title='bbox 280 1947 307 1983; x_wconf 91' lang='lat' dir='ltr'><strong>er</strong></span> <span class='ocrx_word' id='word_1_157' title='bbox 319 1934 360 1984; x_wconf 91' lang='lat' dir='ltr'><strong>ein</strong></span> <span class='ocrx_word' id='word_1_158' title='bbox 372 1933 515 1985; x_wconf 87' lang='lat' dir='ltr'><strong>schlecbter</strong></span> <span class='ocrx_word' id='word_1_159' title='bbox 527 1934 623 2000; x_wconf 79' lang='lat' dir='ltr'><strong>Burger</strong></span> <span class='ocrx_word' id='word_1_160' title='bbox 673 1935 826 2000; x_wconf 82' lang='lat' dir='ltr'><strong>eloquentie</strong></span> <span class='ocrx_word' id='word_1_161' title='bbox 836 1937 1128 2002; x_wconf 77' lang='lat' dir='ltr'><strong>debehaturpromptau</strong></span> <span class='ocrx_word' id='word_1_162' title='bbox 1137 1938 1184 1988; x_wconf 85' lang='lat' dir='ltr'><strong>ud-</strong></span> 
     </span>
     <span class='ocr_line' id='line_1_20' title="bbox 113 1999 1186 2070; baseline 0.005 -18"><span class='ocrx_word' id='word_1_163' title='bbox 113 2016 246 2067; x_wconf 77' lang='lat' dir='ltr'><strong>gewesen:</strong></span> <span class='ocrx_word' id='word_1_164' title='bbox 265 1999 340 2064; x_wconf 87' lang='lat' dir='ltr'><strong>s.111,</strong></span> <span class='ocrx_word' id='word_1_165' title='bbox 359 2002 440 2065; x_wconf 84' lang='lat'><strong>6‚93.</strong></span> <span class='ocrx_word' id='word_1_166' title='bbox 673 2018 778 2053; x_wconf 79' lang='lat' dir='ltr'><strong>versum</strong></span> <span class='ocrx_word' id='word_1_167' title='bbox 800 2005 932 2066; x_wconf 54' lang='lat' dir='ltr'><strong>insontem</strong></span> <span class='ocrx_word' id='word_1_168' title='bbox 953 2005 1005 2070; x_wconf 78' lang='lat' dir='ltr'><strong>vgl.</strong></span> <span class='ocrx_word' id='word_1_169' title='bbox 1030 2003 1186 2069; x_wconf 74' lang='lat' dir='ltr'><strong>Quintilli,</strong></span> 
     </span>
     <span class='ocr_line' id='line_1_21' title="bbox 149 2067 1184 2136; baseline 0.003 -17"><span class='ocrx_word' id='word_1_170' title='bbox 149 2069 286 2120; x_wconf 70' lang='lat' dir='ltr'><strong>comorius</strong></span> <span class='ocrx_word' id='word_1_171' title='bbox 305 2068 400 2133; x_wconf 82' lang='lat' dir='ltr'><strong>Celsus,</strong></span> <span class='ocrx_word' id='word_1_172' title='bbox 418 2069 458 2120; x_wconf 89' lang='lat' dir='ltr'><strong>ein</strong></span> <span class='ocrx_word' id='word_1_173' title='bbox 477 2067 554 2119; x_wconf 87' lang='lat' dir='ltr'><strong>Mann</strong></span> <span class='ocrx_word' id='word_1_174' title='bbox 572 2083 624 2119; x_wconf 86' lang='lat' dir='ltr'><strong>ven</strong></span> <span class='ocrx_word' id='word_1_175' title='bbox 676 2073 716 2134; x_wconf 86' lang='grc'><strong>10,</strong></span> <span class='ocrx_word' id='word_1_176' title='bbox 734 2072 766 2120; x_wconf 83' lang='grc'><strong>39</strong></span> <span class='ocrx_word' id='word_1_177' title='bbox 783 2085 838 2120; x_wconf 81' lang='lat' dir='ltr'><strong>uon</strong></span> <span class='ocrx_word' id='word_1_178' title='bbox 857 2071 960 2136; x_wconf 78' lang='lat' dir='ltr'><strong>Scipio,</strong></span> <span class='ocrx_word' id='word_1_179' title='bbox 977 2072 1100 2132; x_wconf 71' lang='lat' dir='ltr'><strong>Laelius,</strong></span> <span class='ocrx_word' id='word_1_180' title='bbox 1120 2072 1184 2123; x_wconf 85' lang='lat' dir='ltr'><strong>Cato</strong></span> 
     </span>
     <span class='ocr_line' id='line_1_22' title="bbox 113 2135 1185 2201; baseline 0.001 -13"><span class='ocrx_word' id='word_1_181' title='bbox 113 2135 288 2188; x_wconf 83' lang='lat' dir='ltr'><strong>umsnssender</strong></span> <span class='ocrx_word' id='word_1_182' title='bbox 311 2135 528 2199; x_wconf 81' lang='lat' dir='ltr'><strong>Gelebrsen&#39;rkeit,</strong></span> <span class='ocrx_word' id='word_1_183' title='bbox 553 2135 624 2187; x_wconf 90' lang='lat' dir='ltr'><strong>nieht</strong></span> <span class='ocrx_word' id='word_1_184' title='bbox 674 2139 704 2186; x_wconf 83' lang='lat' dir='ltr'><strong>in</strong></span> <span class='ocrx_word' id='word_1_185' title='bbox 729 2135 874 2201; x_wconf 81' lang='lat' dir='ltr'><strong>eloquendo</strong></span> <span class='ocrx_word' id='word_1_186' title='bbox 900 2137 971 2187; x_wconf 85' lang='lat' dir='ltr'><strong>uelut</strong></span> <span class='ocrx_word' id='word_1_187' title='bbox 988 2141 1074 2189; x_wconf 82' lang='lat' dir='ltr'><strong>Attici</strong></span> <span class='ocrx_word' id='word_1_188' title='bbox 1091 2138 1185 2189; x_wconf 80' lang='lat' dir='ltr'><strong>Roma-</strong></span> 
     </span>
     <span class='ocr_line' id='line_1_23' title="bbox 112 2202 915 2267; baseline -0.001 -11"><span class='ocrx_word' id='word_1_189' title='bbox 112 2220 160 2256; x_wconf 91' lang='lat' dir='ltr'><strong>nur</strong></span> <span class='ocrx_word' id='word_1_190' title='bbox 178 2203 223 2256; x_wconf 85' lang='lat' dir='ltr'><strong>auf</strong></span> <span class='ocrx_word' id='word_1_191' title='bbox 239 2203 296 2256; x_wconf 88' lang='lat' dir='ltr'><strong>dem</strong></span> <span class='ocrx_word' id='word_1_192' title='bbox 315 2202 406 2255; x_wconf 87' lang='lat' dir='ltr'><strong>Gebiet</strong></span> <span class='ocrx_word' id='word_1_193' title='bbox 429 2205 474 2256; x_wconf 89' lang='lat' dir='ltr'><strong>der</strong></span> <span class='ocrx_word' id='word_1_194' title='bbox 490 2202 623 2267; x_wconf 80' lang='lat' dir='ltr'><strong>Rhetorik,</strong></span> <span class='ocrx_word' id='word_1_195' title='bbox 673 2219 770 2255; x_wconf 82' lang='lat' dir='ltr'><strong>norum</strong></span> <span class='ocrx_word' id='word_1_196' title='bbox 786 2202 915 2264; x_wconf 80' lang='lat' dir='ltr'><strong>suerunt?</strong></span> 
     </span>
     <span class='ocr_line' id='line_1_24' title="bbox 112 2267 1186 2338; baseline 0 -14"><span class='ocrx_word' id='word_1_197' title='bbox 112 2273 184 2324; x_wconf 82' lang='lat' dir='ltr'><strong>batte</strong></span> <span class='ocrx_word' id='word_1_198' title='bbox 201 2271 266 2323; x_wconf 90' lang='lat' dir='ltr'><strong>auch</strong></span> <span class='ocrx_word' id='word_1_199' title='bbox 278 2271 342 2323; x_wconf 77' lang='lat' dir='ltr'><strong>tiber</strong></span> <span class='ocrx_word' id='word_1_200' title='bbox 354 2270 542 2336; x_wconf 73' lang='lat' dir='ltr'><strong>Kriegswesem</strong></span> <span class='ocrx_word' id='word_1_201' title='bbox 560 2270 624 2323; x_wconf 77' lang='lat' dir='ltr'><strong>iiber</strong></span> <span class='ocrx_word' id='word_1_202' title='bbox 707 2270 877 2335; x_wconf 75' lang='lat' dir='ltr'><strong>ferebantur,</strong></span> <span class='ocrx_word' id='word_1_203' title='bbox 895 2267 991 2324; x_wconf 86' lang='lat' dir='ltr'><strong>‘waren</strong></span> <span class='ocrx_word' id='word_1_204' title='bbox 1008 2274 1044 2324; x_wconf 93' lang='lat' dir='ltr'><strong>im</strong></span> <span class='ocrx_word' id='word_1_205' title='bbox 1062 2269 1186 2338; x_wconf 81' lang='lat' dir='ltr'><strong>Umloul’,</strong></span> 
     </span>
     <span class='ocr_line' id='line_1_25' title="bbox 113 2332 1185 2407; baseline 0.001 -14"><span class='ocrx_word' id='word_1_206' title='bbox 113 2340 158 2393; x_wconf 86' lang='lat' dir='ltr'><strong>des</strong></span> <span class='ocrx_word' id='word_1_207' title='bbox 175 2339 335 2401; x_wconf 86' lang='lat' dir='ltr'><strong>Landleben‚</strong></span> <span class='ocrx_word' id='word_1_208' title='bbox 359 2336 469 2390; x_wconf 81' lang='lat' dir='ltr'><strong>llediein</strong></span> <span class='ocrx_word' id='word_1_209' title='bbox 495 2355 519 2390; x_wconf 88' lang='lat' dir='ltr'><strong>u.</strong></span> <span class='ocrx_word' id='word_1_210' title='bbox 538 2353 561 2390; x_wconf 83' lang='lat' dir='ltr'><strong>a.</strong></span> <span class='ocrx_word' id='word_1_211' title='bbox 580 2353 624 2404; x_wconf 78' lang='lat' dir='ltr'><strong>ge·</strong></span> <span class='ocrx_word' id='word_1_212' title='bbox 674 2332 742 2393; x_wconf 82' lang='lat' dir='ltr'><strong>‘men</strong></span> <span class='ocrx_word' id='word_1_213' title='bbox 759 2339 852 2406; x_wconf 86' lang='lat' dir='ltr'><strong>sproeb</strong></span> <span class='ocrx_word' id='word_1_214' title='bbox 863 2355 915 2392; x_wconf 88' lang='lat' dir='ltr'><strong>von</strong></span> <span class='ocrx_word' id='word_1_215' title='bbox 927 2336 1021 2407; x_wconf 80' lang='lat' dir='ltr'><strong>ibnen’3</strong></span> <span class='ocrx_word' id='word_1_216' title='bbox 1039 2341 1185 2407; x_wconf 74' lang='lat' dir='ltr'><strong>vgl.§129.</strong></span> 
     </span>
     <span class='ocr_line' id='line_1_26' title="bbox 112 2405 785 2469; baseline -0.001 -8"><span class='ocrx_word' id='word_1_217' title='bbox 112 2407 255 2461; x_wconf 80' lang='lat' dir='ltr'><strong>schrieben.</strong></span> <span class='ocrx_word' id='word_1_218' title='bbox 282 2405 367 2467; x_wconf 80' lang='lat' dir='ltr'><strong>Quint.</strong></span> <span class='ocrx_word' id='word_1_219' title='bbox 380 2406 486 2459; x_wconf 86' lang='lat' dir='ltr'><strong>benutzt</strong></span> <span class='ocrx_word' id='word_1_220' title='bbox 496 2406 541 2457; x_wconf 91' lang='lat' dir='ltr'><strong>ibn</strong></span> <span class='ocrx_word' id='word_1_221' title='bbox 554 2405 625 2459; x_wconf 87' lang='lat' dir='ltr'><strong>nicht</strong></span> <span class='ocrx_word' id='word_1_222' title='bbox 675 2411 699 2469; x_wconf 83' lang='grc'><strong>1,</strong></span> <span class='ocrx_word' id='word_1_223' title='bbox 718 2409 758 2461; x_wconf 84' lang='grc'><strong>30.</strong></span> <span class='ocrx_word' id='word_1_224' title='bbox 772 2436 785 2440; x_wconf 97' lang='grc'>-</span> 
     </span>
     <span class='ocr_line' id='line_1_27' title="bbox 113 2473 1186 2538; baseline 0 -10"><span class='ocrx_word' id='word_1_225' title='bbox 113 2475 195 2529; x_wconf 88' lang='lat' dir='ltr'><strong>selten</strong></span> <span class='ocrx_word' id='word_1_226' title='bbox 219 2473 271 2526; x_wconf 89' lang='lat' dir='ltr'><strong>und</strong></span> <span class='ocrx_word' id='word_1_227' title='bbox 289 2475 406 2525; x_wconf 76' lang='lat' dir='ltr'><strong>erwdhnt</strong></span> <span class='ocrx_word' id='word_1_228' title='bbox 428 2474 499 2528; x_wconf 91' lang='lat' dir='ltr'><strong>seine</strong></span> <span class='ocrx_word' id='word_1_229' title='bbox 517 2473 556 2525; x_wconf 82' lang='lat' dir='ltr'><strong>ost</strong></span> <span class='ocrx_word' id='word_1_230' title='bbox 573 2489 625 2527; x_wconf 86' lang='lat' dir='ltr'><strong>ron</strong></span> <span class='ocrx_word' id='word_1_231' title='bbox 709 2473 801 2538; x_wconf 79' lang='lat' dir='ltr'><strong>Neque</strong></span> <span class='ocrx_word' id='word_1_232' title='bbox 823 2475 853 2525; x_wconf 86' lang='lat' dir='ltr'><strong>id</strong></span> <span class='ocrx_word' id='word_1_233' title='bbox 876 2474 992 2527; x_wconf 84' lang='lat' dir='ltr'><strong>schlielst</strong></span> <span class='ocrx_word' id='word_1_234' title='bbox 1013 2475 1068 2526; x_wconf 88' lang='lat' dir='ltr'><strong>sich</strong></span> <span class='ocrx_word' id='word_1_235' title='bbox 1091 2491 1125 2526; x_wconf 81' lang='lat' dir='ltr'><strong>en</strong></span> <span class='ocrx_word' id='word_1_236' title='bbox 1146 2475 1186 2528; x_wconf 89' lang='lat' dir='ltr'><strong>die</strong></span> 
     </span>
     <span class='ocr_line' id='line_1_28' title="bbox 114 2540 1004 2608; baseline -0.002 -12"><span class='ocrx_word' id='word_1_237' title='bbox 114 2543 163 2597; x_wconf 87' lang='lat' dir='ltr'><strong>den</strong></span> <span class='ocrx_word' id='word_1_238' title='bbox 193 2542 394 2608; x_wconf 79' lang='lat' dir='ltr'><strong>bergelueebten</strong></span> <span class='ocrx_word' id='word_1_239' title='bbox 423 2540 623 2593; x_wconf 87' lang='lat' dir='ltr'><strong>abweiebenden</strong></span> <span class='ocrx_word' id='word_1_240' title='bbox 676 2541 819 2594; x_wconf 86' lang='lat' dir='ltr'><strong>Versebrilt</strong></span> <span class='ocrx_word' id='word_1_241' title='bbox 835 2542 862 2592; x_wconf 92' lang='lat' dir='ltr'><strong>in</strong></span> <span class='ocrx_word' id='word_1_242' title='bbox 880 2543 896 2606; x_wconf 59' lang='grc' dir='ltr'>ᾗ</span> <span class='ocrx_word' id='word_1_243' title='bbox 914 2545 947 2594; x_wconf 81' lang='lat'><strong>20</strong></span> <span class='ocrx_word' id='word_1_244' title='bbox 964 2557 1004 2594; x_wconf 82' lang='lat' dir='ltr'><strong>en.</strong></span> 
     </span>
     <span class='ocr_line' id='line_1_29' title="bbox 95 2609 1187 2676; baseline -0.001 -14"><span class='ocrx_word' id='word_1_245' title='bbox 95 2610 254 2662; x_wconf 80' lang='lat' dir='ltr'><strong>·Ansiebten</strong></span> <span class='ocrx_word' id='word_1_246' title='bbox 263 2610 313 2660; x_wconf 83' lang='lat' dir='ltr'><strong>lest</strong></span> <span class='ocrx_word' id='word_1_247' title='bbox 325 2625 380 2674; x_wconf 90' lang='lat' dir='ltr'><strong>nur,</strong></span> <span class='ocrx_word' id='word_1_248' title='bbox 394 2625 436 2659; x_wconf 90' lang='lat' dir='ltr'><strong>um</strong></span> <span class='ocrx_word' id='word_1_249' title='bbox 446 2610 491 2672; x_wconf 85' lang='lat' dir='ltr'><strong>sie,</strong></span> <span class='ocrx_word' id='word_1_250' title='bbox 502 2609 552 2661; x_wconf 91' lang='lat' dir='ltr'><strong>wie</strong></span> <span class='ocrx_word' id='word_1_251' title='bbox 561 2609 624 2672; x_wconf 82' lang='lat' dir='ltr'><strong>bier,</strong></span> <span class='ocrx_word' id='word_1_252' title='bbox 710 2614 845 2674; x_wconf 76' lang='lat' dir='ltr'><strong>auctores,</strong></span> <span class='ocrx_word' id='word_1_253' title='bbox 864 2609 989 2675; x_wconf 76' lang='lat' dir='ltr'><strong>geredezu</strong></span> <span class='ocrx_word' id='word_1_254' title='bbox 1007 2609 1187 2676; x_wconf 80' lang='lat' dir='ltr'><strong>gleicbbedeu·</strong></span> 
     </span>
     <span class='ocr_line' id='line_1_30' title="bbox 113 2676 1211 2744; baseline -0.002 -13"><span class='ocrx_word' id='word_1_255' title='bbox 113 2676 508 2743; x_wconf 72' lang='lat' dir='ltr'><strong>muskempten,vgl.u‚15,</strong></span> <span class='ocrx_word' id='word_1_256' title='bbox 527 2676 624 2741; x_wconf 72' lang='grc'><strong>31111,</strong></span> <span class='ocrx_word' id='word_1_257' title='bbox 676 2677 737 2730; x_wconf 88' lang='lat' dir='ltr'><strong>tend</strong></span> <span class='ocrx_word' id='word_1_258' title='bbox 754 2677 801 2728; x_wconf 89' lang='lat' dir='ltr'><strong>mit</strong></span> <span class='ocrx_word' id='word_1_259' title='bbox 816 2681 968 2744; x_wconf 76' lang='lat' dir='ltr'><strong>scriptores.</strong></span> <span class='ocrx_word' id='word_1_260' title='bbox 1197 2687 1211 2692; x_wconf 89' lang='grc'><strong>··</strong></span> 
     </span>
     <span class='ocr_line' id='line_1_31' title="bbox 114 2743 1189 2810; baseline -0.003 -10"><span class='ocrx_word' id='word_1_261' title='bbox 114 2751 139 2810; x_wconf 89' lang='lat'><strong>5,</strong></span> <span class='ocrx_word' id='word_1_262' title='bbox 157 2748 181 2800; x_wconf 88' lang='lat'><strong>3.</strong></span> <span class='ocrx_word' id='word_1_263' title='bbox 200 2749 223 2809; x_wconf 86' lang='grc'><strong>11,</strong></span> <span class='ocrx_word' id='word_1_264' title='bbox 244 2748 282 2799; x_wconf 87' lang='grc'><strong>13.</strong></span> <span class='ocrx_word' id='word_1_265' title='bbox 302 2749 325 2809; x_wconf 74' lang='lat' dir='ltr'><strong>l,</strong></span> <span class='ocrx_word' id='word_1_266' title='bbox 345 2748 385 2798; x_wconf 79' lang='lat'><strong>25.</strong></span> <span class='ocrx_word' id='word_1_267' title='bbox 403 2744 445 2810; x_wconf 85' lang='lat' dir='ltr'><strong>lV,</strong></span> <span class='ocrx_word' id='word_1_268' title='bbox 465 2748 487 2809; x_wconf 85' lang='lat'><strong>1,</strong></span> <span class='ocrx_word' id='word_1_269' title='bbox 508 2748 545 2799; x_wconf 81' lang='grc'><strong>11.</strong></span> <span class='ocrx_word' id='word_1_270' title='bbox 565 2747 627 2810; x_wconf 79' lang='grc'><strong>2,9.</strong></span> <span class='ocrx_word' id='word_1_271' title='bbox 712 2744 845 2809; x_wconf 71' lang='lat' dir='ltr'><strong>oluerunt,</strong></span> <span class='ocrx_word' id='word_1_272' title='bbox 880 2744 998 2798; x_wconf 86' lang='lat' dir='ltr'><strong>desselbe</strong></span> <span class='ocrx_word' id='word_1_273' title='bbox 1032 2743 1111 2797; x_wconf 87' lang='lat' dir='ltr'><strong>Urteil</strong></span> <span class='ocrx_word' id='word_1_274' title='bbox 1149 2760 1189 2797; x_wconf 89' lang='lat' dir='ltr'><strong>er-</strong></span> 
     </span>
     <span class='ocr_line' id='line_1_32' title="bbox 115 2811 1188 2877; baseline -0.001 -13"><span class='ocrx_word' id='word_1_275' title='bbox 115 2813 177 2877; x_wconf 82' lang='lat' dir='ltr'><strong>vlu,</strong></span> <span class='ocrx_word' id='word_1_276' title='bbox 196 2816 219 2876; x_wconf 83' lang='lat'><strong>3,</strong></span> <span class='ocrx_word' id='word_1_277' title='bbox 238 2812 338 2876; x_wconf 69' lang='lat'><strong>3515,</strong></span> <span class='ocrx_word' id='word_1_278' title='bbox 360 2815 381 2875; x_wconf 89' lang='grc'><strong>1,</strong></span> <span class='ocrx_word' id='word_1_279' title='bbox 401 2815 440 2865; x_wconf 85' lang='grc'><strong>18.</strong></span> <span class='ocrx_word' id='word_1_280' title='bbox 459 2817 483 2876; x_wconf 85' lang='grc'><strong>4,</strong></span> <span class='ocrx_word' id='word_1_281' title='bbox 499 2815 625 2866; x_wconf 70' lang='lat' dir='ltr'><strong>tantm.</strong></span> <span class='ocrx_word' id='word_1_282' title='bbox 677 2813 765 2864; x_wconf 76' lang='lat' dir='ltr'><strong>wdhnt</strong></span> <span class='ocrx_word' id='word_1_283' title='bbox 783 2812 869 2873; x_wconf 78' lang='lat' dir='ltr'><strong>Quint.</strong></span> <span class='ocrx_word' id='word_1_284' title='bbox 887 2812 937 2873; x_wconf 89' lang='lat' dir='ltr'><strong>llll,</strong></span> <span class='ocrx_word' id='word_1_285' title='bbox 958 2817 980 2877; x_wconf 88' lang='lat' dir='ltr'><strong>t,</strong></span> <span class='ocrx_word' id='word_1_286' title='bbox 999 2815 1030 2864; x_wconf 80' lang='lat'><strong>22</strong></span> <span class='ocrx_word' id='word_1_287' title='bbox 1049 2812 1102 2865; x_wconf 91' lang='lat' dir='ltr'><strong>und</strong></span> <span class='ocrx_word' id='word_1_288' title='bbox 1119 2811 1188 2865; x_wconf 89' lang='lat' dir='ltr'><strong>Plut.</strong></span> 
     </span>
     <span class='ocr_line' id='line_1_33' title="bbox 149 2874 1189 2950; baseline -0.003 -17"><span class='ocrx_word' id='word_1_289' title='bbox 149 2884 190 2935; x_wconf 74' lang='lat'><strong>24.</strong></span> <span class='ocrx_word' id='word_1_290' title='bbox 214 2885 241 2935; x_wconf 79' lang='lat' dir='ltr'><strong>et</strong></span> <span class='ocrx_word' id='word_1_291' title='bbox 262 2881 347 2933; x_wconf 81' lang='lat' dir='ltr'><strong>Pollio</strong></span> <span class='ocrx_word' id='word_1_292' title='bbox 370 2885 397 2930; x_wconf 87' lang='lat' dir='ltr'><strong>et</strong></span> <span class='ocrx_word' id='word_1_293' title='bbox 419 2880 544 2946; x_wconf 69' lang='lat' dir='ltr'><strong>Messala,</strong></span> <span class='ocrx_word' id='word_1_294' title='bbox 569 2880 628 2932; x_wconf 86' lang='lat' dir='ltr'><strong>eine</strong></span> <span class='ocrx_word' id='word_1_295' title='bbox 677 2881 728 2937; x_wconf 73' lang='lat' dir='ltr'><strong>Cic</strong></span> <span class='ocrx_word' id='word_1_296' title='bbox 746 2883 779 2933; x_wconf 76' lang='lat' dir='ltr'><strong>tl</strong></span> <span class='ocrx_word' id='word_1_297' title='bbox 797 2881 905 2944; x_wconf 64' lang='grc' dir='ltr'><strong><em>ἐνιαχοῦ</em></strong></span> <span class='ocrx_word' id='word_1_298' title='bbox 927 2880 987 2932; x_wconf 80' lang='grc' dir='ltr'><strong>τῶν</strong></span> <span class='ocrx_word' id='word_1_299' title='bbox 1009 2874 1099 2950; x_wconf 75' lang='grc' dir='ltr'><strong><em>λόγων</em></strong></span> <span class='ocrx_word' id='word_1_300' title='bbox 1121 2875 1189 2934; x_wconf 80' lang='grc' dir='ltr'><strong><em>ἀπο-</em></strong></span> 
     </span>
     <span class='ocr_line' id='line_1_34' title="bbox 116 2945 1189 3013; baseline 0 -15"><span class='ocrx_word' id='word_1_301' title='bbox 116 2947 304 3012; x_wconf 76' lang='lat' dir='ltr'><strong>nacbldssigere</strong></span> <span class='ocrx_word' id='word_1_302' title='bbox 322 2947 492 3013; x_wconf 75' lang='lat' dir='ltr'><strong>Anwendung</strong></span> <span class='ocrx_word' id='word_1_303' title='bbox 514 2948 560 3001; x_wconf 90' lang='lat' dir='ltr'><strong>der</strong></span> <span class='ocrx_word' id='word_1_304' title='bbox 580 2947 626 3000; x_wconf 86' lang='lat' dir='ltr'><strong>ko·</strong></span> <span class='ocrx_word' id='word_1_305' title='bbox 676 2945 820 3010; x_wconf 64' lang='lat' dir='ltr'><strong>corregam</strong></span> <span class='ocrx_word' id='word_1_306' title='bbox 847 2946 909 3003; x_wconf 81' lang='grc' dir='ltr'><strong>τὸν,</strong></span> <span class='ocrx_word' id='word_1_307' title='bbox 923 2947 1118 3013; x_wconf 75' lang='grc' dir='ltr'><em>Δημοσθένηνε</em></span> <span class='ocrx_word' id='word_1_308' title='bbox 1146 2963 1189 2998; x_wconf 74' lang='lat' dir='ltr'><strong>wo</strong></span> 
     </span>
     <span class='ocr_line' id='line_1_35' title="bbox 116 3013 1189 3082; baseline 0 -16"><span class='ocrx_word' id='word_1_309' title='bbox 116 3014 249 3082; x_wconf 84' lang='lat' dir='ltr'><strong>puletiven</strong></span> <span class='ocrx_word' id='word_1_310' title='bbox 267 3013 476 3078; x_wconf 83' lang='lat' dir='ltr'><strong>Konjunktionen</strong></span> <span class='ocrx_word' id='word_1_311' title='bbox 497 3016 535 3068; x_wconf 83' lang='lat' dir='ltr'><strong>als</strong></span> <span class='ocrx_word' id='word_1_312' title='bbox 553 3022 626 3069; x_wconf 90' lang='lat' dir='ltr'><strong>sonst</strong></span> <span class='ocrx_word' id='word_1_313' title='bbox 677 3016 764 3067; x_wconf 80' lang='lat' dir='ltr'><strong>Cicero</strong></span> <span class='ocrx_word' id='word_1_314' title='bbox 782 3015 838 3069; x_wconf 88' lang='lat' dir='ltr'><strong>dies</strong></span> <span class='ocrx_word' id='word_1_315' title='bbox 855 3017 1062 3081; x_wconf 78' lang='lat' dir='ltr'><strong>ausgesprocben</strong></span> <span class='ocrx_word' id='word_1_316' title='bbox 1079 3017 1137 3080; x_wconf 86' lang='lat' dir='ltr'><strong>bet,</strong></span> <span class='ocrx_word' id='word_1_317' title='bbox 1155 3015 1189 3066; x_wconf 89' lang='lat' dir='ltr'><strong>ist</strong></span> 
     </span>
     <span class='ocr_line' id='line_1_36' title="bbox 115 3079 835 3147; baseline 0.001 -14"><span class='ocrx_word' id='word_1_318' title='bbox 115 3082 158 3134; x_wconf 87' lang='lat' dir='ltr'><strong>bei</strong></span> <span class='ocrx_word' id='word_1_319' title='bbox 176 3079 415 3147; x_wconf 76' lang='lat' dir='ltr'><strong>Untererduungen.</strong></span> <span class='ocrx_word' id='word_1_320' title='bbox 676 3083 835 3135; x_wconf 83' lang='lat' dir='ltr'><strong>unbekannt.</strong></span> 
     </span>
     <span class='ocr_line' id='line_1_37' title="bbox 152 3147 1062 3216; baseline 0.004 -16"><span class='ocrx_word' id='word_1_321' title='bbox 152 3150 301 3201; x_wconf 70' lang='lat' dir='ltr'><strong>Volusenus</strong></span> <span class='ocrx_word' id='word_1_322' title='bbox 333 3147 455 3211; x_wconf 76' lang='lat' dir='ltr'><strong>Catulus,</strong></span> <span class='ocrx_word' id='word_1_323' title='bbox 491 3149 524 3202; x_wconf 90' lang='lat' dir='ltr'><strong>ist</strong></span> <span class='ocrx_word' id='word_1_324' title='bbox 555 3150 627 3203; x_wconf 85' lang='lat' dir='ltr'><strong>nieht</strong></span> <span class='ocrx_word' id='word_1_325' title='bbox 711 3152 832 3214; x_wconf 75' lang='lat' dir='ltr'><strong>Horatio,</strong></span> <span class='ocrx_word' id='word_1_326' title='bbox 850 3151 899 3202; x_wconf 81' lang='lat' dir='ltr'><strong>Ars</strong></span> <span class='ocrx_word' id='word_1_327' title='bbox 916 3156 986 3216; x_wconf 86' lang='lat' dir='ltr'><strong>poet.</strong></span> <span class='ocrx_word' id='word_1_328' title='bbox 1004 3154 1062 3204; x_wconf 81' lang='lat'><strong>359.</strong></span> 
     </span>
     <span class='ocr_line' id='line_1_38' title="bbox 115 3216 1191 3282; baseline -0.003 -13"><span class='ocrx_word' id='word_1_329' title='bbox 115 3217 207 3270; x_wconf 87' lang='lat' dir='ltr'><strong>weiter</strong></span> <span class='ocrx_word' id='word_1_330' title='bbox 224 3216 346 3268; x_wconf 84' lang='lat' dir='ltr'><strong>bekannt.</strong></span> <span class='ocrx_word' id='word_1_331' title='bbox 712 3223 752 3273; x_wconf 74' lang='lat'><strong>25.</strong></span> <span class='ocrx_word' id='word_1_332' title='bbox 770 3233 945 3282; x_wconf 80' lang='lat' dir='ltr'><strong>magnorum,</strong></span> <span class='ocrx_word' id='word_1_333' title='bbox 967 3218 1067 3269; x_wconf 83' lang='lat' dir='ltr'><strong>sebeint</strong></span> <span class='ocrx_word' id='word_1_334' title='bbox 1085 3216 1126 3267; x_wconf 88' lang='lat' dir='ltr'><strong>die</strong></span> <span class='ocrx_word' id='word_1_335' title='bbox 1143 3216 1191 3266; x_wconf 85' lang='lat' dir='ltr'><strong>ub-</strong></span> 
     </span>
     <span class='ocr_line' id='line_1_39' title="bbox 148 3275 1190 3352; baseline -0.001 -17"><span class='ocrx_word' id='word_1_336' title='bbox 148 3287 264 3336; x_wconf 76' lang='lat' dir='ltr'><strong>Domitii</strong></span> <span class='ocrx_word' id='word_1_337' title='bbox 280 3283 353 3347; x_wconf 69' lang='lat' dir='ltr'><strong>Afri,</strong></span> <span class='ocrx_word' id='word_1_338' title='bbox 371 3299 391 3336; x_wconf 88' lang='lat' dir='ltr'><strong>s.</strong></span> <span class='ocrx_word' id='word_1_339' title='bbox 410 3285 426 3349; x_wconf 62' lang='grc' dir='ltr'>ὅ</span> <span class='ocrx_word' id='word_1_340' title='bbox 448 3286 503 3336; x_wconf 82' lang='lat' dir='ltr'><strong>tte.</strong></span> <span class='ocrx_word' id='word_1_341' title='bbox 677 3287 745 3341; x_wconf 88' lang='lat' dir='ltr'><strong>liche</strong></span> <span class='ocrx_word' id='word_1_342' title='bbox 763 3287 943 3352; x_wconf 76' lang='lat' dir='ltr'><strong>Bezeicbnung</strong></span> <span class='ocrx_word' id='word_1_343' title='bbox 967 3300 1000 3336; x_wconf 85' lang='lat' dir='ltr'><strong>zu</strong></span> <span class='ocrx_word' id='word_1_344' title='bbox 1016 3283 1070 3337; x_wconf 89' lang='lat' dir='ltr'><strong>sein</strong></span> <span class='ocrx_word' id='word_1_345' title='bbox 1089 3282 1130 3335; x_wconf 77' lang='lat' dir='ltr'><strong>sur</strong></span> <span class='ocrx_word' id='word_1_346' title='bbox 1148 3275 1190 3335; x_wconf 84' lang='lat' dir='ltr'><strong>die</strong></span> 
     </span>
     <span class='ocr_line' id='line_1_40' title="bbox 151 3350 1191 3420; baseline -0.004 -15"><span class='ocrx_word' id='word_1_347' title='bbox 151 3353 261 3419; x_wconf 76' lang='lat' dir='ltr'><strong>Crr&#39;spue</strong></span> <span class='ocrx_word' id='word_1_348' title='bbox 279 3354 432 3417; x_wconf 72' lang='lat' dir='ltr'><strong>Passienus,</strong></span> <span class='ocrx_word' id='word_1_349' title='bbox 451 3351 496 3403; x_wconf 90' lang='lat' dir='ltr'><strong>der</strong></span> <span class='ocrx_word' id='word_1_350' title='bbox 508 3354 628 3418; x_wconf 79' lang='lat' dir='ltr'><strong>jungere,</strong></span> <span class='ocrx_word' id='word_1_351' title='bbox 678 3354 899 3420; x_wconf 82' lang='lat' dir='ltr'><strong>berverragenden</strong></span> <span class='ocrx_word' id='word_1_352' title='bbox 912 3351 1107 3405; x_wconf 80' lang='lat' dir='ltr'><strong>Scbriltstellet:</strong></span> <span class='ocrx_word' id='word_1_353' title='bbox 1127 3350 1191 3403; x_wconf 82' lang='lat' dir='ltr'><strong>kura</strong></span> 
     </span>
     <span class='ocr_line' id='line_1_41' title="bbox 116 3417 1191 3487; baseline -0.004 -13"><span class='ocrx_word' id='word_1_354' title='bbox 116 3419 256 3474; x_wconf 83' lang='lat' dir='ltr'><strong>Stielvater</strong></span> <span class='ocrx_word' id='word_1_355' title='bbox 279 3420 325 3472; x_wconf 91' lang='lat' dir='ltr'><strong>des</strong></span> <span class='ocrx_word' id='word_1_356' title='bbox 350 3419 551 3484; x_wconf 76' lang='lat' dir='ltr'><strong>Keisers.Nere,</strong></span> <span class='ocrx_word' id='word_1_357' title='bbox 573 3420 626 3487; x_wconf 76' lang='lat' dir='ltr'><strong>vgl.</strong></span> <span class='ocrx_word' id='word_1_358' title='bbox 679 3423 771 3474; x_wconf 78' lang='lat' dir='ltr'><strong>verber</strong></span> <span class='ocrx_word' id='word_1_359' title='bbox 780 3422 879 3475; x_wconf 83' lang='lat' dir='ltr'><strong>beilsen</strong></span> <span class='ocrx_word' id='word_1_360' title='bbox 891 3420 1022 3472; x_wconf 87' lang='lat' dir='ltr'><strong>dieselben</strong></span> <span class='ocrx_word' id='word_1_361' title='bbox 1031 3419 1126 3484; x_wconf 82' lang='lat' dir='ltr'><strong>optimi</strong></span> <span class='ocrx_word' id='word_1_362' title='bbox 1138 3417 1191 3471; x_wconf 90' lang='lat' dir='ltr'><strong>und</strong></span> 
     </span>
     <span class='ocr_line' id='line_1_42' title="bbox 116 3487 783 3554; baseline 0.001 -13"><span class='ocrx_word' id='word_1_363' title='bbox 116 3487 186 3541; x_wconf 88' lang='lat' dir='ltr'><strong>Suet</strong></span> <span class='ocrx_word' id='word_1_364' title='bbox 204 3488 272 3541; x_wconf 88' lang='lat' dir='ltr'><strong>Nero</strong></span> <span class='ocrx_word' id='word_1_365' title='bbox 291 3492 314 3552; x_wconf 90' lang='grc'><strong>6,</strong></span> <span class='ocrx_word' id='word_1_366' title='bbox 332 3488 470 3554; x_wconf 75' lang='lat' dir='ltr'><strong>gestorben</strong></span> <span class='ocrx_word' id='word_1_367' title='bbox 482 3491 514 3541; x_wconf 86' lang='grc'><strong>19</strong></span> <span class='ocrx_word' id='word_1_368' title='bbox 532 3504 556 3542; x_wconf 73' lang='lat' dir='ltr'><strong>ru</strong></span> <span class='ocrx_word' id='word_1_369' title='bbox 571 3489 627 3540; x_wconf 78' lang='lat' dir='ltr'><strong>cur.</strong></span> <span class='ocrx_word' id='word_1_370' title='bbox 678 3493 783 3542; x_wconf 80' lang='lat' dir='ltr'><strong>summi.</strong></span> 
     </span>
     <span class='ocr_line' id='line_1_43' title="bbox 116 3552 1190 3621; baseline -0.006 -13"><span class='ocrx_word' id='word_1_371' title='bbox 116 3555 179 3609; x_wconf 83' lang='lat' dir='ltr'><strong>Eine</strong></span> <span class='ocrx_word' id='word_1_372' title='bbox 202 3556 296 3609; x_wconf 86' lang='lat' dir='ltr'><strong>andere</strong></span> <span class='ocrx_word' id='word_1_373' title='bbox 318 3555 388 3609; x_wconf 83' lang='lat' dir='ltr'><strong>Rede</strong></span> <span class='ocrx_word' id='word_1_374' title='bbox 412 3555 548 3609; x_wconf 84' lang='lat' dir='ltr'><strong>desselben</strong></span> <span class='ocrx_word' id='word_1_375' title='bbox 577 3556 628 3619; x_wconf 80' lang='lat' dir='ltr'><strong>(tur</strong></span> <span class='ocrx_word' id='word_1_376' title='bbox 714 3560 754 3613; x_wconf 83' lang='grc'><strong>16.</strong></span> <span class='ocrx_word' id='word_1_377' title='bbox 773 3557 900 3621; x_wconf 75' lang='lat' dir='ltr'><strong>alteram,</strong></span> <span class='ocrx_word' id='word_1_378' title='bbox 922 3556 949 3606; x_wconf 88' lang='lat' dir='ltr'><strong>in</strong></span> <span class='ocrx_word' id='word_1_379' title='bbox 967 3553 1024 3606; x_wconf 90' lang='lat' dir='ltr'><strong>dem</strong></span> <span class='ocrx_word' id='word_1_380' title='bbox 1043 3552 1121 3605; x_wconf 88' lang='lat' dir='ltr'><strong>Sinne</strong></span> <span class='ocrx_word' id='word_1_381' title='bbox 1139 3567 1190 3604; x_wconf 90' lang='lat' dir='ltr'><strong>von</strong></span> 
     </span>
     <span class='ocr_line' id='line_1_44' title="bbox 117 3620 1193 3686; baseline -0.003 -10"><span class='ocrx_word' id='word_1_382' title='bbox 117 3625 187 3676; x_wconf 87' lang='lat' dir='ltr'><strong>scine</strong></span> <span class='ocrx_word' id='word_1_383' title='bbox 210 3623 344 3677; x_wconf 84' lang='lat' dir='ltr'><strong>Gemeblin</strong></span> <span class='ocrx_word' id='word_1_384' title='bbox 368 3623 486 3686; x_wconf 81' lang='lat' dir='ltr'><strong>Domitia)</strong></span> <span class='ocrx_word' id='word_1_385' title='bbox 513 3624 628 3678; x_wconf 73' lang='lat' dir='ltr'><strong>erwdhnt</strong></span> <span class='ocrx_word' id='word_1_386' title='bbox 679 3626 841 3676; x_wconf 80' lang='lat' dir='ltr'><strong>alterutram</strong></span> <span class='ocrx_word' id='word_1_387' title='bbox 863 3625 916 3674; x_wconf 81' lang='lat' dir='ltr'><strong>bier</strong></span> <span class='ocrx_word' id='word_1_388' title='bbox 942 3621 995 3675; x_wconf 86' lang='lat' dir='ltr'><strong>und</strong></span> <span class='ocrx_word' id='word_1_389' title='bbox 1021 3620 1113 3684; x_wconf 71' lang='lat' dir='ltr'><strong>alters,</strong></span> <span class='ocrx_word' id='word_1_390' title='bbox 1141 3621 1193 3675; x_wconf 74' lang='lat' dir='ltr'><strong>wie</strong></span> 
     </span>
     <span class='ocr_line' id='line_1_45' title="bbox 117 3689 1194 3757; baseline -0.004 -13"><span class='ocrx_word' id='word_1_391' title='bbox 117 3691 202 3752; x_wconf 77' lang='lat' dir='ltr'><strong>duint</strong></span> <span class='ocrx_word' id='word_1_392' title='bbox 221 3692 263 3757; x_wconf 89' lang='lat' dir='ltr'><strong>Vl,</strong></span> <span class='ocrx_word' id='word_1_393' title='bbox 282 3696 304 3755; x_wconf 89' lang='lat'><strong>1,</strong></span> <span class='ocrx_word' id='word_1_394' title='bbox 323 3695 364 3744; x_wconf 84' lang='lat'><strong>50.</strong></span> <span class='ocrx_word' id='word_1_395' title='bbox 678 3692 707 3756; x_wconf 94' lang='lat' dir='ltr'><strong>ll,</strong></span> <span class='ocrx_word' id='word_1_396' title='bbox 720 3695 743 3756; x_wconf 87' lang='lat'><strong>6,</strong></span> <span class='ocrx_word' id='word_1_397' title='bbox 757 3695 772 3744; x_wconf 80' lang='lat'>2</span> <span class='ocrx_word' id='word_1_398' title='bbox 793 3691 860 3747; x_wconf 75' lang='lat' dir='ltr'><strong>due</strong></span> <span class='ocrx_word' id='word_1_399' title='bbox 877 3697 1071 3754; x_wconf 79' lang='lat' dir='ltr'><strong>utrumque,</strong></span> <span class='ocrx_word' id='word_1_400' title='bbox 1090 3693 1116 3739; x_wconf 84' lang='lat' dir='ltr'><strong>et</strong></span> <span class='ocrx_word' id='word_1_401' title='bbox 1132 3689 1194 3743; x_wconf 81' lang='lat' dir='ltr'><strong>ideo</strong></span> 
     </span>
     <span class='ocr_line' id='line_1_46' title="bbox 150 3756 1194 3823; baseline 0.001 -14"><span class='ocrx_word' id='word_1_402' title='bbox 150 3760 255 3810; x_wconf 76' lang='lat' dir='ltr'><strong>Decimi</strong></span> <span class='ocrx_word' id='word_1_403' title='bbox 284 3759 385 3822; x_wconf 78' lang='lat' dir='ltr'><strong>Laelii,</strong></span> <span class='ocrx_word' id='word_1_404' title='bbox 416 3758 628 3812; x_wconf 87' lang='lat' dir='ltr'><strong>wabrscbeinlicb</strong></span> <span class='ocrx_word' id='word_1_405' title='bbox 679 3764 835 3810; x_wconf 82' lang='lat' dir='ltr'><strong>neutrum</strong></span> <span class='ocrx_word' id='word_1_406' title='bbox 853 3761 886 3810; x_wconf 83' lang='lat' dir='ltr'><strong>ab</strong></span> <span class='ocrx_word' id='word_1_407' title='bbox 904 3756 1130 3823; x_wconf 79' lang='lat' dir='ltr'><strong>alterosaparo,</strong></span> <span class='ocrx_word' id='word_1_408' title='bbox 1147 3757 1194 3810; x_wconf 78' lang='lat' dir='ltr'><strong>sed</strong></span> 
     </span>
     <span class='ocr_line' id='line_1_47' title="bbox 118 3824 1227 3892; baseline 0 -13"><span class='ocrx_word' id='word_1_409' title='bbox 118 3826 219 3880; x_wconf 77' lang='lat' dir='ltr'><strong>Laelius</strong></span> <span class='ocrx_word' id='word_1_410' title='bbox 235 3826 331 3879; x_wconf 85' lang='lat' dir='ltr'><strong>Balbus</strong></span> <span class='ocrx_word' id='word_1_411' title='bbox 349 3832 423 3878; x_wconf 89' lang='lat' dir='ltr'><strong>unter</strong></span> <span class='ocrx_word' id='word_1_412' title='bbox 436 3826 561 3892; x_wconf 86' lang='lat' dir='ltr'><strong>Tiberius,</strong></span> <span class='ocrx_word' id='word_1_413' title='bbox 579 3827 628 3879; x_wconf 91' lang='lat' dir='ltr'><strong>den</strong></span> <span class='ocrx_word' id='word_1_414' title='bbox 679 3830 704 3877; x_wconf 85' lang='lat' dir='ltr'><strong>si</strong></span> <span class='ocrx_word' id='word_1_415' title='bbox 715 3826 920 3888; x_wconf 78' lang='lat' dir='ltr'><strong>faeeretautum</strong></span> <span class='ocrx_word' id='word_1_416' title='bbox 931 3824 1076 3877; x_wconf 85' lang='lat' dir='ltr'><strong>alterum</strong></span> <span class='ocrx_word' id='word_1_417' title='bbox 1089 3840 1196 3879; x_wconf 74' lang='lat' dir='ltr'><strong>urcem</strong></span> <span class='ocrx_word' id='word_1_418' title='bbox 1219 3850 1227 3865; x_wconf 93' lang='lat'><strong>·</strong></span> 
     </span>
     <span class='ocr_line' id='line_1_48' title="bbox 120 3893 782 3958; baseline 0.003 -14"><span class='ocrx_word' id='word_1_419' title='bbox 120 3893 180 3946; x_wconf 82' lang='lat' dir='ltr'><strong>Tae.</strong></span> <span class='ocrx_word' id='word_1_420' title='bbox 192 3895 255 3946; x_wconf 80' lang='lat' dir='ltr'><strong>Anu.</strong></span> <span class='ocrx_word' id='word_1_421' title='bbox 266 3894 306 3958; x_wconf 80' lang='lat' dir='ltr'><strong>Vl,</strong></span> <span class='ocrx_word' id='word_1_422' title='bbox 316 3899 348 3945; x_wconf 82' lang='grc'><strong>41</strong></span> <span class='ocrx_word' id='word_1_423' title='bbox 362 3910 392 3946; x_wconf 91' lang='lat' dir='ltr'><strong>so</strong></span> <span class='ocrx_word' id='word_1_424' title='bbox 406 3894 538 3947; x_wconf 83' lang='lat' dir='ltr'><strong>seblldert:</strong></span> <span class='ocrx_word' id='word_1_425' title='bbox 558 3897 629 3946; x_wconf 76' lang='lat' dir='ltr'><strong>truci</strong></span> <span class='ocrx_word' id='word_1_426' title='bbox 680 3898 716 3946; x_wconf 74' lang='lat' dir='ltr'><strong>sit</strong></span> <span class='ocrx_word' id='word_1_427' title='bbox 734 3899 782 3946; x_wconf 88' lang='lat' dir='ltr'><strong>etc.</strong></span> 
     </span>
    </p>
   </div>
   <div class='ocr_carea' id='block_1_4' title="bbox 0 0 1361 4508">
    <p class='ocr_par' dir='ltr' id='par_1_5' title="bbox 0 0 1361 4508">
     <span class='ocr_line' id='line_1_49' title="bbox 0 0 1361 4508; baseline 0 0"><span class='ocrx_word' id='word_1_428' title='bbox 0 0 1361 4508; x_wconf 95' lang='lat' dir='ltr'><strong> </strong></span> 
     </span>
    </p>
   </div>
  </div>
 </body>
</html>
