2684 4508
138 222 181 283 oo
385 206 390 215 ’
455 294 459 303 ⁸
529 223 636 279 curor
653 224 682 276 u.
699 227 715 291 q
733 229 806 278 2-7.

140 403 319 478 docentium,
330 403 460 483 pictores
471 422 562 484 opera
572 405 714 484 priorum,
726 403 828 465 rustici
839 402 992 483 probatam
1003 407 1215 483 experimento

140 488 286 550 culturam
299 488 328 549 in
346 488 511 570 exemplum
525 490 695 565 intuentur;
712 488 808 551 omnis
822 489 949 568 denique
964 488 1134 567 disciplinae
1152 489 1213 551 ini·

103 584 118 634 3
141 574 181 635 tia
196 574 232 634 ad
246 573 431 655 propositum
443 574 498 636 sibi
510 576 727 655 praescriptum
738 574 858 635 formari
868 574 1007 636 videmus.
1037 572 1074 634 Et
1085 575 1212 636 hercule
1241 590 1247 603 ¹

140 678 263 729 necesse
278 668 322 721 est
336 667 386 721 aut
400 659 510 721 similes
524 669 575 722 aut
588 660 741 723 dissimiles
759 658 847 721 bonis
862 660 962 721 simus.
992 659 1124 720 Similem
1138 678 1212 721 raro

65 772 70 781 ·
142 753 247 806 natura
261 753 399 826 praestat,
413 746 585 825 frequenter
599 744 731 805 imitatio.
762 745 820 805 Sed
833 745 892 805 hoc
907 745 1014 825 ipsum,
1030 745 1108 823 quod
1123 752 1211 807 tanto

141 831 302 893 faciliorem
318 831 403 893 nobis
417 830 562 891 rationem
577 848 677 890 rerum
693 829 826 889 omnium
840 830 910 891 lacit
924 847 1013 908 quem
1025 830 1081 891 luit
1096 830 1140 902 iis,
1159 831 1212 909 qui

141 915 215 985 nihil
229 916 310 997 quod
320 922 520 995 sequerentur
534 913 711 989 habuerunt,
735 914 791 975 nisi
806 923 891 975 caute
906 924 935 975 et
950 933 1017 981 cum
1032 915 1140 976 iudicio
1157 916 1212 976 ad·

140 1001 342 1082 prehenditur,
358 1008 454 1061 nocet.

103 1094 119 1142 t
225 1087 302 1147 Ante
317 1085 415 1149 omnia
430 1085 519 1165 igitur
533 1084 655 1146 imitatio
671 1102 726 1164 per
744 1103 776 1146 se
791 1084 853 1162 ipsa
868 1103 930 1145 non
945 1084 1063 1159 sufficit,
1079 1086 1124 1146 vel
1139 1087 1211 1165 quia

142 1172 220 1251 pigri
235 1181 280 1233 est
293 1170 404 1252 ingenii
420 1179 594 1233 contentum
609 1188 673 1232 esse
694 1169 738 1245 iis,
760 1188 834 1247 quae
855 1169 915 1230 sint
933 1168 970 1229 ab
994 1170 1057 1231 aliis
1078 1169 1210 1234 inventa.

144 1254 221 1326 Quid
237 1257 316 1318 enim
331 1258 464 1317 loturum
480 1265 542 1317 eret
556 1255 741 1336 temporibus
755 1254 820 1329 illis,
837 1272 911 1333 quae
923 1254 987 1316 sine
998 1256 1132 1334 exemplo
1143 1258 1211 1320 luo-

144 1352 223 1417 runt,
240 1341 264 1403 si
279 1341 415 1402 homines
426 1340 499 1400 nihil
512 1340 568 1401 nisi
584 1341 661 1418 quod
673 1341 731 1401 iam
743 1339 958 1419 cognovissent,
971 1340 1137 1401 laciendum
1154 1342 1211 1404 sibi

107 1433 122 1483 5
143 1435 194 1488 aut
209 1426 398 1505 cogitandum
414 1423 588 1504 putassent?
613 1426 725 1504 Nempe
745 1424 820 1485 nihil
840 1424 943 1485 luisset
957 1425 1118 1486 inventum.
1150 1426 1213 1489 Cur

144 1513 233 1592 igitur
254 1512 336 1572 nolas
357 1520 401 1571 est
423 1510 546 1590 reperiri
567 1510 675 1589 aliquid
697 1509 824 1584 anobis,
844 1510 924 1588 quod
938 1518 1005 1570 ante
1021 1530 1082 1570 non
1098 1511 1213 1574 luerit?

143 1599 188 1657 An
204 1596 245 1657 illi
260 1595 349 1656 rudes
364 1595 425 1656 sola
439 1594 548 1656 mentis
563 1605 669 1656 natura
683 1595 763 1655 ducti
778 1604 847 1655 sunt
862 1594 892 1655 in
909 1595 974 1668 hoc,
997 1604 1101 1655 uttam
1118 1597 1214 1660 multa

143 1688 337 1760 generarent:
360 1698 415 1741 nos
430 1680 466 1740 ad
481 1680 681 1758 quaerendum
697 1699 758 1740 non
778 1698 812 1741 eo
827 1680 892 1759 ipso
915 1680 1107 1753 concitemur,
1131 1684 1214 1761 quod

105 1775 121 1823 6
143 1774 222 1825 certe
237 1764 346 1825 scimus
357 1765 504 1828 invenisse
516 1784 575 1840 eos,
592 1766 642 1844 qui
653 1761 864 1845 quaesierunt?
879 1764 918 1824 Et
932 1783 999 1825 cum
1009 1765 1059 1839 illi,
1076 1767 1127 1845 qui
1143 1770 1214 1830 nul-

142 1850 203 1910 lum
222 1849 395 1929 cuiusquam
416 1851 459 1910 rei
479 1850 650 1911 habuerunt
670 1849 851 1928 magistrum,
873 1849 1000 1928 plurima
1021 1851 1052 1909 in
1074 1860 1217 1930 posteros

142 1934 331 1997 tradiderint:
358 1934 444 1998 nobis
466 1955 537 1998 usus
564 1936 686 1997 aliarum
708 1953 808 1997 rerum
828 1933 864 1994 ad
887 1936 1033 1997 eruendas
1053 1935 1124 1997 alias
1148 1957 1214 2000 non

143 2018 285 2101 proderit,
307 2020 358 2083 sed
379 2020 452 2082 nihil
466 2020 640 2083 habebimus
655 2020 711 2082 nisi
725 2018 862 2081 beneficii
877 2017 985 2081 alieni?
1012 2020 1214 2091 Quemadmo-

144 2106 213 2166 dum
229 2105 347 2184 qnidam
361 2106 490 2187 pictores
504 2107 535 2169 in
556 2107 586 2167 id
607 2106 702 2169 solum
724 2105 853 2178 student,
868 2113 902 2165 ut
916 2104 1083 2168 describere
1097 2106 1214 2171 tabulas

106 2199 121 2248 t
142 2191 291 2253 mensuris
306 2210 340 2253 ac
354 2192 440 2254 lineis
455 2192 559 2253 sciant.
589 2191 688 2272 Turpe
703 2190 790 2252 etiam
805 2189 875 2251 illud
888 2199 940 2265 est,
956 2199 1129 2254 contentum
1145 2211 1214 2255 esse

143 2276 172 2338 id
188 2277 340 2355 consequi,
364 2277 443 2355 quod
463 2277 595 2338 imiteris.
624 2276 698 2337 Nam
719 2294 822 2337 rursus
845 2274 915 2354 quid
940 2284 1002 2336 erat
1022 2277 1162 2351 loturum,
1184 2277 1210 2339 si

144 2379 232 2422 nemo
249 2361 315 2441 plus
329 2361 474 2423 effecisset
489 2381 533 2436 eo,
550 2380 638 2441 quem
652 2357 852 2439 sequebatur?
874 2359 952 2421 Nihil
966 2360 997 2421 in
1012 2361 1107 2440 poetis
1119 2380 1211 2441 supra

143 2445 256 2508 Livium
272 2446 485 2522 Andronicum,
507 2447 580 2508 nihil
601 2446 632 2508 in
653 2446 783 2508 historiis
796 2463 887 2525 supra
901 2445 1076 2534 pontificum
1091 2446 1214 2509 annales

178 2564 202 2615 2.
212 2564 249 2614 od
255 2591 288 2601 -
293 2566 499 2629 promptum.
518 2563 653 2616 Nachder-
702 2577 783 2629 quam
799 2561 932 2612 bominem
949 2563 1110 2615 ordinemve.

144 2629 233 2682 selben
255 2629 445 2697 Sprachweise,
471 2632 520 2684 wie
544 2633 591 2698 §l
617 2633 653 2682 ad
736 2645 808 2694 usus,
825 2623 993 2695 ‘Erlahrung’,
1011 2622 1163 2684 ‘Kenntnis’.

144 2698 303 2763 comptem.
337 2697 395 2749 Vl.
413 2703 436 2761 5,
455 2700 478 2750 2.
738 2697 859 2760 beneficii
885 2698 980 2760 alieni,
1011 2698 1051 2750 ein
1078 2698 1214 2752 Genitirns

178 2767 202 2817 4.
220 2765 269 2829 vel,
285 2764 387 2831 hoger,
405 2760 512 2831 ‘schon',
530 2767 565 2816 ist
575 2781 654 2833 unge-
704 2765 836 2832 qualitatis
853 2764 980 2831 ebhhngig
994 2766 1134 2829 nonnihil,
1153 2783 1213 2819 mon

143 2831 281 2885 wdhnlich.
705 2834 810 2900 erginzt
827 2833 900 2899 qood
914 2836 957 2897 sit,
975 2834 1027 2899 vgl.
1045 2837 1068 2897 b,
1086 2837 1108 2886 1.

180 2901 251 2964 Quid
260 2929 295 2939 -
309 2901 434 2962 futurum
452 2907 518 2968 erat,
535 2902 588 2969 vgl.
601 2903 617 2968 5
631 2906 654 2954 l.
738 2901 813 2966 inid,
822 2902 879 2953 eine
888 2901 1011 2953 soustbei
1022 2903 1129 2953 studere
1141 2903 1214 2956 nicht

178 2966 652 3035 5.Nemp0‘u0chw0h1’,0hneiro
702 2969 805 3022 dbliche
840 2968 1036 3033 Konstruktion,
1073 2970 1138 3022 nach
1167 2971 1215 3024 der

146 3036 233 3088 nische
249 3035 374 3104 Firbung,
391 3039 580 3091 unterscheidet
597 3038 653 3091 sich
703 3037 827 3104 Analogie
844 3052 896 3090 ron
913 3040 965 3088 niti
980 3054 1005 3091 u.
1020 3038 1072 3104 dgl.
1090 3038 1213 3104 gebildet,

145 3118 196 3157 ron
219 3106 361 3170 nimirum,
387 3107 489 3157 seilicet
509 3107 562 3159 und
583 3108 654 3157 vide·
703 3104 769 3159 doch
781 3106 846 3158 noch
862 3105 955 3157 einmal
973 3106 1213 3173 perentiendo,

146 3174 215 3238 lieet,
232 3173 317 3225 iudom
335 3189 371 3239 es,
389 3175 464 3226 meist
481 3175 519 3226 als
533 3174 653 3227 Antwort
704 3177 733 3227 6:
750 3179 780 3225 in
797 3190 877 3241 quam
893 3190 949 3224 rem
965 3174 1125 3226 studendum
1141 3179 1186 3227 stt.

145 3241 191 3294 aul
206 3241 316 3308 Fregen,
339 3242 384 3293 das
402 3241 587 3308 anestindnis
608 3241 654 3294 des
739 3246 762 3294 ’1.
780 3242 887 3294 Livium
898 3243 1091 3308 Androntcem,
1105 3258 1152 3294 aus
1163 3242 1214 3295 Ta-

146 3309 241 3362 andern
265 3311 396 3363 bestimmt
419 3314 551 3373 erwartet,
574 3325 594 3362 s.
613 3310 654 3362 El·
704 3316 771 3374 rent,
795 3310 840 3361 der
857 3314 924 3362 erote
946 3311 1071 3362 romische
1089 3309 1214 3377 Tragiker

145 3376 339 3446 lendtSeyllert
355 3378 372 3446 ἦ
391 3382 439 3432 311
458 3377 532 3430 dnm.
549 3379 572 3430 2.
703 3378 754 3430 und
777 3376 960 3430 Schriltsteller
986 3379 1141 3446 uberhaupt,
1169 3395 1213 3432 um

181 3446 275 3508 rudes,
298 3446 363 3497 wird
384 3446 479 3498 erkldrt
501 3446 579 3498 durch
600 3446 616 3512 ξ
636 3449 653 3498 4
703 3448 752 3499 240
771 3461 794 3499 v.
813 3444 869 3496 Chr.

146 3516 309 3579 tenporibus
325 3514 393 3580 illis,
411 3530 478 3580 quae
494 3518 551 3578 ¹sinc
568 3529 655 3566 onena·
733 3513 1020 3580 pontificumannolec.
1036 3513 1214 3567 lliermitwer·

139 3581 188 3647 plo
204 3579 326 3642 fuerunt.
704 3581 1011 3648 dendievompontifeoe
1022 3584 1156 3633 maximus
1169 3598 1213 3636 en·

180 3653 204 3704 6.
228 3652 396 3714 cuiusquam,
419 3649 585 3703 abweichend
602 3666 655 3703 von
706 3650 857 3716 gelertigten
890 3651 999 3702 anheles
1027 3652 1141 3701 mactent
1169 3651 1214 3702 be-

145 3715 203 3767 dem
215 3717 411 3783 gewdhnlichen
421 3717 576 3781 Gebrauchc,
589 3719 656 3772 nach
706 3719 831 3782 reichnet,
843 3718 900 3770 cine
909 3716 1070 3784 Aulnlhlunq
1079 3718 1123 3770 der
1135 3718 1215 3770 deult-

144 3784 204 3836 dem
216 3799 244 3837 cs
256 3802 303 3838 nur
314 3801 346 3838 au
358 3787 441 3839 ciuem
453 3785 655 3850 substantivum,
706 3786 862 3851 wairdigsten
875 3785 1080 3851 Begebenheiten
1099 3787 1138 3838 bis
1156 3802 1214 3839 zum

145 3853 259 3905 welches
288 3855 345 3906 eine
373 3852 469 3908 Person
499 3855 655 3920 bezeichnet,
706 3851 1135 3920 PontifilmtdesllluciusSciivole
1148 3857 1209 3920 (130

147 3921 209 3985 tritt,
227 3920 279 3987 vgl.
293 3925 350 3989 ’1,3.
368 3922 503 3989 lV,1,10:
521 3927 551 3975 in
568 3939 656 3989 quem·
707 3937 732 3973 t.
751 3920 817 3984 Chr.)
836 3919 993 3988 lortqesetat.
