2684 4508
155 223 195 282 74
255 260 258 274 .
530 227 637 280 oarur
656 227 686 282 v.
706 230 721 294 s
743 231 849 283 12-14.

155 420 338 474 communes,
354 420 430 480 quos
445 402 532 462 etiam
554 402 682 483 scriptos
701 403 738 464 ab
761 404 927 465 oratoribus
942 403 1059 465 scimus.
1089 403 1167 465 Nam
1185 406 1245 485 qui

155 488 229 548 haec
243 497 322 548 recta
337 495 451 547 tantum
475 496 505 547 et
524 487 556 548 in
578 488 676 549 nullos
696 488 789 549 tlexus
804 488 973 550 recedentia
987 488 1108 568 copiose
1123 496 1243 552 tracta-

154 572 238 645 verit,
254 572 356 652 utique
372 572 403 632 in
419 571 475 634 illis
490 572 592 650 plures
607 590 750 634 excursus
765 573 977 653 recipientibus
988 574 1081 652 magis
1097 573 1241 638 abunda·

104 665 133 716 1³
155 656 199 717 bit
218 657 332 736 eritque
354 657 385 717 in
408 657 504 718 omnis
527 675 629 718 causas
650 667 779 736 paratus.
812 657 923 720 Omnes
944 659 1024 720 euim
1040 659 1245 738 generalibus·

156 741 381 820 quaestionibus
397 751 544 804 constant.
574 742 649 803 llam
664 742 734 820 quid
753 742 887 817 interest,
900 736 1070 806 ‘Cornelius
1090 743 1239 808 tribunus

175 826 265 900 lehis,
288 826 366 905 quod
382 827 513 887 codicem
528 826 647 904 legerit,
670 839 780 890 rectene
800 846 870 890 reus
891 818 954 902 sit',
976 847 1171 907 quaeramus,
1195 850 1239 894 aa

165 910 331 972 violeturne
345 910 488 985 maiestas,
505 912 529 973 si
540 912 728 989 magistratus
738 912 923 992 rogationem
939 932 1023 974 suam
1038 915 1152 994 populo
1169 915 1237 995 ipse

154 987 323 1056 recitaritl'
339 989 421 1057 ‘Milo
438 996 569 1058 Clodium
586 1006 708 1057 rectene
723 989 891 1072 occiderit’,
913 999 1013 1059 veniat
1026 998 1059 1060 in
1075 999 1232 1076 iudicium,

155 1098 192 1140 an
213 1071 401 1158 ‘oporteatne
422 1080 623 1143 insidiatorem
646 1083 774 1143 interfici
794 1084 841 1143 vel
855 1082 1058 1162 perniciosum
1073 1085 1117 1147 rei
1133 1085 1237 1165 puhli-

155 1182 207 1225 cae
231 1165 333 1240 civem,
355 1166 468 1228 etiamsi
490 1186 552 1229 non
574 1159 765 1230 insidieturl'
796 1161 881 1229 ‘Cato
904 1168 1042 1229 Marciam
1064 1170 1236 1234 honestene

154 1249 308 1313 tradiderit
323 1242 511 1326 Hortensio',
536 1272 573 1313 an
587 1245 796 1314 ‘conveniatne
811 1272 859 1314 res
880 1253 946 1314 talis
967 1253 1049 1315 hono
1065 1245 1155 1317 viro’
1191 1257 1236 1319 De

104 1342 133 1394 14
153 1336 290 1415 personis
302 1337 457 1410 iudicatur,
469 1338 519 1399 sed
532 1336 669 1399 derebus
681 1338 880 1399 contenditur.
903 1339 1139 1403 Declamationes
1150 1360 1234 1418 vero,

155 1420 257 1500 quales
273 1420 303 1482 in
320 1422 427 1484 scholis
443 1423 597 1484 rhetorum
612 1422 762 1497 dicuntur,
785 1424 810 1485 si
831 1423 919 1485 modo
940 1433 1012 1484 sunt
1027 1424 1062 1486 ad
1078 1427 1236 1488 veritatem

154 1508 392 1568 accommodatae
407 1515 437 1567 et
455 1508 638 1571 orationihus
653 1508 773 1582 similes,
796 1528 857 1570 non
873 1518 987 1570 tantum
1003 1509 1076 1570 dum
1089 1511 1238 1575 adolescit

155 1591 307 1671 profectus
328 1602 398 1654 sunt
421 1593 601 1667 utilissimae,
629 1594 697 1673 quia
719 1595 920 1655 inventionem
948 1606 978 1655 et
1003 1594 1236 1673 dispositionem

154 1674 267 1756 pariter
282 1688 431 1751 exercent,
447 1679 498 1739 sed
514 1679 599 1740 etiam
616 1697 684 1740 oum
700 1690 745 1742 est
756 1688 977 1742 consummatus
991 1697 1025 1739 ac
1041 1679 1100 1741 iam
1116 1681 1149 1742 in
1165 1683 1235 1744 foro

153 1806 203 1843 aar
224 1793 255 1840 ia
272 1794 332 1858 ipra
350 1795 417 1844 uitta
435 1797 519 1844 morte
537 1800 575 1846 est
587 1811 666 1862 pero·
719 1795 844 1861 geschah,
868 1811 899 1847 zu
917 1794 1095 1849 wldersetzen.
1132 1797 1169 1849 lla
1194 1799 1236 1852 las

116 1908 119 1913 .
153 1874 226 1924 rare,
242 1863 274 1909 ut
291 1863 321 1911 in
335 1862 496 1928 adelmum,
515 1865 667 1929 aleatorem,
719 1863 853 1915 Cornelius
870 1863 911 1914 die
928 1861 1058 1929 Rogation
1076 1864 1160 1918 selbst
1176 1868 1235 1934 vor,

149 1929 325 1996 petulantem.
719 1930 808 1983 wurdc
830 1930 937 1984 desbalb
957 1931 993 1982 im
1010 1930 1035 1986 J.
1053 1933 1087 1985 65
1106 1932 1152 1985 der
1169 1933 1236 1987 Ver·

189 1998 221 2048 ab
241 2001 404 2064 oratoribus,
422 2015 443 2050 z.
461 1997 490 2052 B.
510 1999 597 2052 Cicero
614 1999 667 2051 und
717 1999 821 2065 letzung
839 1998 883 2050 der
895 1999 1015 2051 maiestas
1027 2015 1088 2080 pop.
1101 2000 1175 2055 Rom.
1188 2018 1236 2056 an·

155 2065 305 2120 Hortensius
314 2067 342 2133 ll,
354 2072 376 2132 1,
388 2071 432 2120 tl:
445 2084 596 2120 communes
606 2068 666 2132 toci,
719 2067 837 2135 geldam,
856 2066 952 2131 jedoch
976 2082 1027 2119 von
1047 2067 1134 2121 Cicero
1159 2068 1234 2135 gliu-

156 2137 211 2187 aa'oe
224 2138 271 2201 qui
282 2142 346 2188 aunt
357 2138 585 2202 tnvttiodereett,
602 2154 667 2203 que·
719 2136 782 2189 zcnd
800 2134 945 2201 verteidlgt,
963 2136 1015 2201 vgl.
1033 2135 1084 2191 (lic.
1102 2138 1128 2188 in
1144 2137 1232 2191 Vatia.

157 2205 194 2256 lea
212 2203 325 2270 legimus
337 2223 353 2257 a
365 2206 491 2258 Cicerone
502 2209 668 2272 compositor,
719 2210 743 2271 2,
762 2207 785 2260 6.

156 2289 203 2326 seu
219 2276 315 2339 quitus
327 2277 494 2341 quaestiones
504 2275 669 2340 generaliter
753 2272 826 2324 Milo.
855 2269 906 2323 Das
918 2269 1026 2337 Gelolge
1044 2272 1090 2325 des
1100 2269 1161 2324 Milo
1174 2272 1228 2324 und

157 2347 319 2409 teruntur,
338 2343 430 2409 quater
446 2348 510 2394 eunt
527 2343 593 2394 emti
610 2360 626 2394 a
638 2342 667 2406 Q.
719 2339 764 2393 des
791 2339 895 2393 Clodius
925 2340 1040 2404 gerieten
1066 2339 1228 2406 aueinander,

157 2427 261 2477 quoque
272 2412 428 2464 Hortensio:
444 2405 564 2462 ut‘aitne
573 2413 669 2478 porcia
719 2409 760 2460 ein
778 2407 873 2460 Sklave
890 2406 966 2459 Miles
984 2407 1152 2461 vervvundcte
1172 2407 1231 2461 (ilo-

157 2482 325 2546 argumeata‘e
351 2474 539 2532 eredendum?
568 2484 595 2531 et
615 2495 668 2546 pre
720 2477 791 2543 dius,
813 2475 875 2528 ltlilo
893 2476 954 2528 eilte
972 2475 1061 2528 herbei
1077 2476 1130 2529 und
1149 2480 1231 2530 totete

157 2551 267 2600 tertioue
284 2553 309 2600 et
326 2553 356 2601 in
374 2554 459 2602 testea.
718 2545 770 2597 ilrn.
798 2543 836 2597 na
847 2559 874 2596 er
886 2543 1077 2610 intelgedessen
1090 2544 1232 2612 angeklagt

191 2619 220 2667 in
237 2618 530 2681 nultos-raeedentio,
548 2615 589 2667 die
607 2615 667 2667 kein
719 2612 820 2677 wurde,
843 2626 873 2664 so
896 2611 1047 2678 verteldigte
1070 2612 1116 2664 ihn
1142 2613 1231 2673 (licere

156 2683 291 2736 Ablenken
309 2686 434 2738 zulassen.
718 2682 744 2732 in
763 2679 807 2732 der
824 2695 872 2732 uns
891 2679 1038 2732 erlralteneu
1057 2679 1135 2733 Rede.

190 2749 668 2818 inomnia-paratea,dieselbellon·
754 2748 1014 2809 Cotoss—Hortenato.
1037 2746 1232 2802 Derberdltmte

157 2819 285 2872 struktion
303 2819 364 2872 Tac.
382 2819 446 2871 Dial.
464 2821 505 2872 41.
718 2815 818 2868 Redner
830 2814 860 2876 Q.
871 2815 1022 2869 Hortensius
1040 2816 1111 2868 hatte
1130 2817 1189 2870 eine
1201 2832 1231 2870 so

193 2889 233 2940 13.
252 2891 522 2940 omnes-constant.
558 2885 581 2937 V
599 2886 616 2939 l.
628 2885 667 2951 lll,
718 2883 943 2936 schwdrmerische
955 2884 1105 2951 Zuneigung
1122 2900 1155 2937 zu
1168 2885 1232 2939 Cato

158 2960 182 3022 5,
201 2958 229 3008 9:
253 2956 309 3007 Hae
329 2963 429 3021 autern,
455 2973 521 3023 quas
543 2902 667 3019 induitur
719 2951 861 3015 Utieensis,
881 2951 936 3004 dass
953 2967 981 3004 er
998 2951 1087 3005 diesen
1104 2953 1159 3019 hat,
1177 2953 1231 3006 ihm

157 3039 236 3090 voco,
267 3030 293 3075 et
317 3026 457 3090 generatae
483 3025 669 3091 appellantur:
719 3021 790 3074 scine
808 3019 941 3072 (lemahlln
958 3018 1051 3072 Marcia
1070 3020 1231 3086 abzutreten,

158 3093 230 3159 quod
246 3096 270 3144 aa·
288 3097 328 3144 ert
343 3109 443 3157 oerum,
461 3092 553 3154 finitae
567 3093 669 3158 eperia·
720 3089 802 3141 vorin
815 3087 878 3142 dato
896 3088 961 3140 auch
973 3087 1231 3154 uaehRdcksprache

157 3163 298 3215 leserunt.
316 3162 348 3214 ln
366 3164 440 3213 omni
457 3165 546 3211 autem
557 3159 670 3226 speciali
720 3155 1230 3224 mitselnemScbwiegervaterwilligte

156 3235 249 3298 utique
265 3235 335 3284 inest
348 3229 493 3296 generatis,
510 3231 541 3278 ut
553 3244 622 3293 quoe
632 3229 669 3278 eit
719 3223 813 3278 Marcia
828 3226 898 3305 lebte
911 3239 962 3276 von
975 3227 1076 3278 56-60
1086 3240 1110 3276 v.
1121 3224 1178 3278 Clu.
1189 3225 1231 3280 bei

156 3317 340 3422 ρηὸἔῆιοίἰια,
378 3366 405 3420 G.
430 3362 562 3416 Cornelius
583 3362 668 3414 stellte
719 3291 1231 3416 lpppltprpspupappplapselpptseppghzdlerpsselp

158 3437 192 3489 im
210 3436 233 3488 J.
252 3439 282 3489 67
303 3452 326 3488 v.
345 3434 402 3488 Chr.
422 3433 470 3486 den
488 3431 594 3497 Antrag,
612 3430 669 3481 dats
756 3432 796 3483 14.
818 3428 1031 3494 declamationes,
1043 3430 1095 3494 vgl.
1107 3427 1136 3494 ll,
1146 3433 1171 3495 4,
1183 3433 1229 3483 41:

159 3519 217 3556 man
241 3519 287 3555 nur
310 3502 387 3556 durch
406 3501 452 3554 das
470 3499 538 3552 Volk
555 3514 606 3551 von
623 3498 669 3550 der
719 3497 798 3562 fletae
821 3497 858 3549 oct
873 3499 1051 3548 imitationem
1068 3495 1127 3558 fori
1144 3501 1231 3550 oonsi-

159 3571 342 3637 Beobachtung
369 3570 439 3622 eines
466 3567 586 3622 Gesctzes
612 3573 668 3620 ent·
718 3567 868 3632 Eorumque
884 3566 1012 3617 maurim
1029 3565 1103 3630 opud
1115 3564 1231 3618 Graecos

159 3639 262 3693 bunden
280 3640 383 3692 werden
397 3636 479 3689 ddrle.
505 3635 551 3688 Die
564 3635 668 3689 Senats·
719 3635 807 3686 dicere
827 3636 902 3686 cirea
919 3633 1083 3684 Demetrium
1099 3635 1231 3686 Phalerea

178 3708 240 3759 artai
258 3722 368 3774 gewann
386 3706 448 3758 aber
465 3705 514 3757 den
529 3703 627 3757 Tribun
639 3703 668 3756 P.
719 3707 872 3754 imtitutum
888 3700 946 3763 sere
964 3705 1075 3753 coartat.

159 3722 285 3827 gervilius
309 3774 447 3838 Globulus,
471 3773 526 3826 sich
544 3773 589 3825 der
608 3771 670 3824 Ver·
750 3769 900 3837 protractae,
928 3769 974 3822 das
998 3768 1162 3823 abstractum
1188 3768 1230 3822 tur

159 3842 250 3908 lesung
274 3843 319 3895 der
341 3841 483 3909 Rogation‚
507 3841 548 3894 die
569 3841 595 3893 in
613 3841 670 3892 lver-
720 3838 765 3891 das
783 3837 942 3890 Concretum.
1177 3904 1182 3917 ·

159 3910 326 3964 kdmmliclver
333 3909 418 3964 Weiss
427 3909 507 3963 durch
516 3908 565 3963 deu
574 3908 670 3962 lierold
755 3910 952 3958 consummatus
963 3906 1138 3971 rae—clarus,
1150 3905 1230 3959 levclrt
