2684 4508
494 257 603 309 carot
621 259 638 310 1.
657 259 673 324 a
694 261 802 311 tt-at.
1145 259 1182 318 21

113 434 165 507 hit,
180 434 403 512 pronuntiandi,
419 433 465 493 vel
480 433 685 512 potentissima
700 433 730 493 in
747 432 881 507 dicendo,
897 435 971 495 ratio
988 445 1031 507 et,
1048 445 1081 495 ut
1096 438 1187 498 semel

114 518 217 592 dicam,
233 517 345 597 pariter
361 518 459 578 omnia
474 517 591 579 docent.
622 516 655 578 ln
671 517 800 578 lectione
815 518 925 580 certius
940 519 1090 593 iudicium,
1107 522 1186 598 quod

114 602 245 663 audienti
261 602 435 681 frequenter
449 611 499 663 aut
510 621 582 664 suus
594 602 701 680 cuique
716 603 798 662 lavor
809 611 858 663 aut
873 603 921 664 ille
931 603 1114 665 laudantium
1126 606 1185 666 cla-

113 706 179 748 mor
200 697 366 766 extorquet.
407 687 502 748 Pudet
523 688 601 748 enim
624 686 779 748 dissentire
800 697 830 748 et
850 687 929 748 velut
952 690 1040 749 tacita
1062 691 1187 768 quadam
1210 699 1238 750 18

112 772 291 834 verecundia
306 770 478 834 inhibemur
492 773 559 851 plus
574 771 662 832 nobis
676 772 807 846 credere,
824 791 892 834 cum
907 774 1067 834 interimet
1082 775 1185 838 vitiosa

112 857 249 937 pluribus
264 857 398 936 placent,
417 864 446 917 et
460 876 477 917 a
491 858 662 936 conrogatis
677 857 836 918 laudantur
851 857 938 918 etiam
953 877 1029 938 quae
1046 878 1106 920 non
1122 860 1185 940 pla·

113 951 192 1003 cent.
223 942 282 1002 Sed
296 961 310 1001 e
325 941 473 1002 contrario
498 960 616 1020 quoque
631 941 753 1015 accidit,
774 951 808 1002 ut
822 943 933 1020 optime
955 944 1040 1004 dictis
1062 946 1187 1022 gratiam
1209 953 1236 1003 19

113 1045 202 1106 prava
217 1026 322 1088 iudicia
337 1045 399 1086 non
415 1028 556 1088 reserant.
586 1026 687 1087 Lectio
704 1025 798 1086 libera
813 1035 858 1087 est
873 1046 929 1088 nec
944 1039 976 1089 at
991 1029 1116 1090 aetionis
1130 1030 1185 1091 im-

114 1120 202 1191 petus
222 1111 413 1186 transcurrit;
434 1112 486 1172 sed
506 1119 643 1191 repetere
665 1111 782 1190 saepius
804 1111 887 1185 licet,
911 1112 972 1175 sive
993 1113 1110 1176 dubites
1126 1115 1187 1176 sive

113 1195 270 1257 memoriae
289 1196 408 1275 penitus
424 1195 551 1276 adfigere
567 1195 646 1256 velis.
676 1194 856 1274 Repetamus
880 1205 977 1257 autem
1000 1206 1030 1258 et
1048 1207 1186 1260 retracte-

114 1299 192 1352 mus,
215 1288 244 1341 et
265 1290 298 1341 ut
319 1280 402 1342 cibos
424 1299 543 1342 mansos
559 1298 593 1340 ac
608 1298 703 1358 prope
718 1279 892 1358 liquefactos
907 1281 1104 1357 demittimus,
1127 1302 1186 1361 quo

112 1365 227 1426 lacibus
249 1365 437 1445 digerantur:
467 1367 507 1426 ita
529 1350 617 1425 lectio
640 1384 701 1425 non
725 1366 814 1426 cruda
837 1365 888 1426 sed
917 1366 1014 1441 multa¹
1031 1366 1186 1428 iteratione

112 1450 223 1510 mollita
239 1458 268 1510 et
283 1450 363 1510 velut
379 1451 516 1512 coniecta
530 1450 690 1510 memoriae
705 1448 921 1528 imitationique
936 1451 1078 1513 tradatur.

198 1537 240 1595 Ac
256 1534 307 1596 diu
322 1535 444 1596 nonnisi
460 1535 591 1613 optimus
605 1535 731 1614 quisque
746 1543 775 1594 et
790 1535 841 1613 qui
866 1537 1036 1596 credentem
1059 1535 1115 1598 sibi
1131 1537 1186 1597 mi·
1209 1544 1239 1594 tt

112 1621 192 1680 nime
215 1620 295 1679 sallat
316 1619 461 1697 legendus
482 1627 541 1695 est,
564 1620 614 1680 sed
630 1619 786 1699 diligenter
808 1638 842 1679 ac
865 1639 959 1699 paene
978 1622 1013 1681 ad
1036 1621 1186 1682 scribendi

111 1703 359 1779 sollicitudinem;
381 1723 436 1764 nec
451 1723 506 1784 per
520 1712 619 1783 partes
634 1705 722 1765 modo
738 1706 896 1766 scrutanda
911 1707 1026 1779 omnia,
1048 1708 1098 1767 sed
1117 1725 1186 1787 pcr-

78 1801 81 1807 ’
111 1790 207 1849 lectus
228 1787 305 1848 liber
319 1789 422 1866 utique
437 1807 473 1849 er
494 1789 611 1869 integro
626 1789 822 1851 resumendus
844 1791 1063 1869 praecipueque
1083 1792 1186 1864 oratio,

112 1874 197 1934 cuius
209 1873 331 1934 virtutes
342 1874 515 1951 frequenter
529 1892 565 1934 ex
576 1873 721 1935 industria
734 1893 852 1953 quoque
868 1875 1064 1936 occultantur.
1093 1876 1187 1956 Saepe
1210 1880 1238 1932 21

112 1958 193 2019 enim
214 1967 384 2037 praeparat,
406 1958 582 2034 dissimulat,
610 1958 765 2020 insidiatur
787 1968 902 2035 orator,
924 1979 1017 2039 eaque
1039 1962 1069 2022 in
1093 1961 1187 2040 prima

85 2095 209 2156 *gastun
227 2091 278 2156 vgl.
292 2094 316 2156 7,
327 2093 350 2143 9.
378 2089 464 2152 Quint.
477 2091 622 2155 erklirtlll,
675 2090 789 2155 deutung
813 2106 864 2142 von
885 2085 970 2155 ‘man‘,
998 2092 1050 2158 vgl.
1072 2092 1187 2144 Ellendt-

111 2161 161 2221 3‚1
182 2157 234 2209 und
246 2157 287 2221 Xl,
301 2161 324 2221 3,
340 2161 553 2223 tpaonnntiatie
571 2157 623 2210 und
675 2156 801 2224 Seyfferts
823 2157 931 2210 Gramm.
951 2159 967 2224 ξ
986 2161 1044 2221 247,
1063 2163 1077 2212 3
1099 2161 1187 2213 Anm:
1289 2185 1291 2189 ¹

111 2228 182 2276 actio
210 2226 250 2277 idr
279 2225 362 2292 vdllig
392 2225 623 2292 gleichhedeutend
675 2224 778 2276 iihnlich
799 2224 841 2288 lX,
861 2229 884 2290 2,
903 2229 935 2278 69
954 2228 1066 2291 ideoque
1089 2243 1106 2277 a
1130 2229 1188 2292 qui-

110 2295 284 2359 (qaapropter
305 2298 421 2358 atraque
445 2295 625 2360 appellatione
676 2293 785 2343 taedam
804 2298 859 2344 tata
877 2310 920 2344 rea
937 2295 1111 2360 repudiatur,
1133 2298 1210 2345 eiae‘

110 2362 299 2423 indifferenter
314 2363 450 2424 atilieet),
463 2363 543 2413 meint
556 2361 624 2426 aber,
675 2361 863 2427 intellegente,
890 2365 945 2412 eice
971 2379 1025 2414 nen
1050 2363 1188 2428 intellega-

110 2428 166 2480 dals
184 2428 226 2480 die
235 2432 425 2495 pronuntiatio
438 2428 487 2481 den
499 2429 624 2480 letzteren
676 2433 729 2479 tur.

110 2496 326 2562 Namenageata
340 2512 371 2549 zu
384 2496 499 2549 erhalten
512 2496 624 2561 seheine,
709 2499 884 2546 retractemus
917 2493 1062 2561 ‘grundlich
1093 2497 1188 2548 behan-

109 2564 188 2616 daher
212 2564 320 2616 braucht
338 2579 365 2616 er
389 2564 464 2627 bald,
477 2565 538 2617 ¹wie
561 2564 623 2629 hier,
676 2560 752 2626 deln’,
771 2561 913 2629 Gegensatz
931 2579 982 2616 von
995 2569 1188 2630 tremonem-e,

110 2635 182 2684 aetio
200 2632 241 2684 liu
249 2638 349 2697 gestus,
368 2632 428 2683 bald
443 2633 500 2684 teilt
511 2647 538 2684 er
551 2635 623 2684 actio
675 2631 727 2698 vgl.
740 2636 763 2694 3,
774 2633 787 2680 i
801 2631 854 2683 und
866 2631 907 2698 lll,
920 2633 943 2697 2,
956 2634 1001 2686 35:
1014 2632 1059 2684 das
1072 2632 1188 2685 eiulache

110 2701 135 2751 in
148 2715 237 2750 aecem
247 2705 413 2767 gestumque,
428 2701 477 2752 wie
489 2700 531 2766 xt,
542 2702 565 2763 3,
578 2703 623 2761 143
676 2703 794 2750 tractare
812 2702 836 2764 5,
855 2701 879 2751 8.

110 2768 163 2834 vgl.
182 2768 294 2834 unten§
315 2771 353 2822 19.
709 2767 871 2833 digerantur
910 2767 951 2818 hir
986 2772 1188 2833 concoquantur

143 2836 223 2886 semel
238 2832 291 2888 ‘ein
309 2836 349 2888 tur
367 2830 491 2888 allemal'.
675 2835 879 2900 spatiateiniset,
891 2835 942 2887 wie
955 2836 1087 2900 digestam
1100 2838 1188 2888 cibum

146 2903 314 2954 madantiam
331 2904 433 2954 clamer
450 2903 553 2955 bezieht
568 2902 623 2955 sich
674 2902 715 2965 XI,
735 2905 759 2967 2,
778 2905 819 2957 35.
854 2902 881 2953 ln
905 2902 963 2955 dem
981 2903 1110 2955 Gleichnis
1132 2910 1188 2955 ent-

110 2969 157 3020 ant
174 2969 215 3021 die
226 2969 327 3022 dnsttte
345 2971 389 3023 der
401 2971 505 3038 Ciaque,
523 2971 623 3023 welche
675 2969 799 3036 sprechen
834 2969 889 3021 sich
925 2971 1009 3021 malta
1043 2975 1189 3022 iteratione

110 3037 229 3089 erwiahnt
246 3038 280 3088 iat
291 3037 333 3101 lV,
346 3040 370 3101 t,
383 3041 414 3088 37
434 3039 623 3090 adclamarent
673 3038 778 3089 mellita
795 3036 848 3089 und
865 3053 979 3104 maneae,
998 3039 1120 3100 confecta
1133 3039 1186 3091 und

109 3107 257 3172 dispositae
273 3105 315 3154 ael
332 3109 411 3156 etiam
426 3105 498 3165 forte
511 3109 624 3157 circam-
675 3104 844 3170 liquefactos.
938 3116 940 3119 ’

108 3173 189 3236 fusae
200 3172 382 3222 multitudinis
398 3175 548 3238 compositi:
567 3188 624 3225 aus·
710 3175 785 3225 lectio
803 3167 858 3224 ‘das
876 3167 1019 3225 Gelesene’.

109 3241 250 3294 iithrlicher
263 3239 320 3292 sind
339 3239 409 3292 diese
421 3239 551 3292 auditores
564 3256 624 3294 con·
708 3244 748 3295 20.
768 3245 890 3306 nonani,
908 3242 943 3292 iet
961 3241 986 3292 iu
1005 3240 1049 3292 der
1067 3241 1187 3306 spitcren

109 3309 180 3360 ducti
190 3312 217 3360 et
229 3308 356 3373 redempti
372 3323 422 3360 von
433 3307 531 3361 Plinius
541 3308 622 3377 Epist.
674 3308 730 3361 Zeit
746 3309 904 3361 adverbium
928 3308 1067 3375 geworden
1091 3307 1186 3358 ebenso

108 3376 137 3440 ll,
160 3380 190 3429 ta
209 3375 371 3442 geschildert.
675 3379 699 3441 3,
712 3380 758 3438 29;
778 3377 893 3443 dagegen
912 3376 992 3428 findet
1011 3375 1064 3426 sich
1083 3377 1137 3424 aiei
1155 3403 1186 3412 -

145 3447 185 3497 18.
203 3446 354 3495 inhibemur
377 3444 411 3496 ist
434 3444 482 3496 mit
504 3444 561 3497 dem
583 3445 622 3496 ln·
674 3461 736 3509 non,
756 3445 805 3497 wie
823 3445 864 3496 bei
883 3444 985 3507 Cicero,
1010 3460 1042 3495 zu
1060 3443 1188 3494 verschie-

109 3511 195 3563 iinitiv
212 3512 368 3564 verbunden.
674 3512 757 3564 denen
767 3511 861 3564 Sitzen
873 3511 935 3563 oder
947 3512 1104 3577 wenigstens
1115 3509 1187 3563 Satn-

144 3595 204 3630 cnm
220 3583 330 3630 interim
353 3581 399 3631 mit
421 3580 477 3632 dem
495 3580 622 3632 lndilrativ
674 3580 788 3645 gliedem
808 3580 914 3646 gehdrig
932 3582 955 3644 3,
975 3581 1015 3632 30.
1035 3582 1058 3642 5,
1077 3582 1100 3630 5.
1120 3581 1144 3642 t,
1166 3582 1187 3631 1.

109 3647 189 3712 wie}
206 3649 249 3700 111
265 3647 316 3700 fast
328 3647 558 3714 gleichbedeutend
577 3649 623 3699 mit
708 3664 743 3697 en
760 3650 881 3712 integro,
900 3647 950 3698 wie
968 3645 1029 3697 bald
1047 3645 1137 3697 darant
1153 3664 1188 3698 ec·

109 3718 285 3782 quinetiam.
674 3715 809 3765 industria
832 3714 884 3768 und
905 3716 921 3779 ἓ
941 3716 971 3766 18
996 3731 1010 3763 e
1034 3718 1188 3766 contrarie:

145 3785 185 3836 19.
203 3785 306 3835 iudicia
325 3784 378 3835 hier
397 3783 446 3834 wie
465 3785 481 3848 ᾗ
499 3786 540 3836 72.
675 3782 819 3848 uberhaupt
836 3781 893 3833 sind
913 3782 953 3833 die
966 3780 1187 3836 adverbialiechea

141 3855 199 3902 siae
211 3881 243 3890 -
256 3854 312 3902 eive
328 3853 375 3902 mit
392 3850 539 3916 lolgendem
555 3851 623 3904 Kon-
675 3849 818 3914 Bildungen
836 3849 883 3901 mit
900 3867 936 3900 ea·
953 3850 1027 3913 (statt
1043 3850 1088 3903 des
1101 3851 1187 3903 iether

103 3918 212 3985 jnnlstiv
236 3919 280 3989 der
298 3921 322 3970 1.
341 3918 435 3970 Person
458 3920 484 3970 in
508 3919 553 3971 der
574 3918 623 3970 Be-
676 3917 794 3968 iiblichen
823 3918 855 3968 de
881 3917 932 3970 und
955 3920 999 3982 at)
1026 3919 1077 3971 und
1105 3921 1187 3971 eiuem
