2684 4508
163 273 205 333 90
627 273 770 327 ANHANG.

233 447 256 505 2,
279 448 302 499 8.
320 448 417 496 rnonstt
433 443 544 511 Meister,
562 447 599 495 sit
615 445 656 497 dic
673 443 779 496 Hdschr.
794 471 825 480 -
837 448 876 493 est
887 441 1043 495 Fleckeisen.
1114 446 1154 495 13.
1175 459 1240 495 oum

165 519 192 564 et
209 512 304 565 lldlner
320 513 440 579 Ansgabe
454 514 517 565 1521
533 541 563 550 -
577 516 621 576 [et]
640 528 699 563 oum
712 512 792 564 Halm.
860 514 896 561 stt
914 515 969 562 tum
981 515 1065 561 -est
1082 516 1138 561 tum
1150 510 1239 565 Halm.

238 583 276 632 ll.
294 582 381 632 Attici
396 586 459 632 sunt
477 579 600 647 Spalding
618 610 650 619 -
667 581 759 631 Attici.
843 581 972 645 praecisis
991 577 1166 645 Spalding-
1188 584 1242 645 qui

162 651 300 715 praecisis.
352 652 393 702 20.
411 651 580 700 instituebant
597 647 686 700 Bamb.
705 651 728 700 2.
744 647 773 699 Η.
785 677 819 685 -
832 650 1009 698 institueram.
1061 649 1101 700 28.
1121 647 1241 698 deerunt

166 717 244 768 Franz
264 745 294 754 -
313 717 431 768 deerant.
501 720 624 782 oporteat
638 714 740 768 Mdnch.
759 745 793 754 —
811 717 949 782 oportebat
965 713 1053 766 Bamb.
1072 730 1096 767 n.
1113 713 1190 767 Bern.

234 786 257 849 3,
278 787 307 836 10
325 789 351 834 et
364 784 552 850 provideamus
568 813 602 822 -
624 786 664 847 [ut
677 785 882 849 provideomres].
953 785 994 835 20.
1011 785 1041 833 in
1058 782 1238 848 intelligendo

164 852 270 917 Becher,
287 851 403 916 Jtlnller,
420 849 549 902 lllllaller
565 881 599 889 -
617 854 646 903 tn
664 851 783 916 legendo.
853 853 894 903 25.
913 856 1042 902 tectos-
1060 855 1155 902 rectos.

99 936 103 944 ·
232 923 256 985 5,
277 923 316 972 13.
333 924 436 971 rectene
452 935 514 970 reus
531 921 567 969 stt
578 918 650 973 Halm
661 935 769 970 -reus
785 923 828 971 sit.
915 935 1083 984 quaeramus,
1101 935 1136 969 an
1149 917 1237 974 Gertz.

163 1017 198 1025 -
215 1003 250 1038 an
269 1003 435 1053 quaeramus.
524 989 562 1040 l'l.
579 990 705 1039 inanitus
721 1017 755 1025 -
772 988 927 1039 adsuescere
944 987 1087 1054 Zumpt-
1108 989 1239 1038 inanitus

163 1073 191 1106 se
208 1083 242 1094 -
260 1053 432 1116 aduaefocere
448 1054 591 1108 Frotscher.
660 1057 701 1110 21.
719 1060 806 1106 autem
823 1084 856 1094 -
874 1060 962 1107 autem
980 1059 1004 1106 is
1021 1054 1102 1107 Halm.

232 1127 257 1187 6,
276 1127 289 1175 *l
308 1127 443 1189 utrumque
459 1152 493 1161 -
507 1128 654 1190 utcumque
671 1123 774 1176 Gesner.

234 1195 257 1256 l,
277 1195 300 1245 1.
319 1194 423 1243 intrare
437 1196 549 1258 portum
566 1221 600 1230 —
617 1195 704 1243 irestar
717 1198 814 1258 portus
825 1189 924 1244 Heiser.
1006 1193 1030 1243 9.
1047 1190 1240 1241 una-simut

165 1259 247 1314 Halm.
319 1262 357 1313 13.
375 1260 493 1311 videmus
510 1263 673 1326 superfluere
690 1258 801 1323 Meister,
819 1259 962 1310 videantur
978 1274 1036 1324 sup.
1054 1257 1143 1310 Bamb.
1163 1260 1187 1311 2.
1207 1257 1237 1310 H.

166 1358 200 1367 -
217 1345 237 1380 s.
257 1329 331 1380 otdeo
350 1327 391 1380 die
408 1328 478 1382 alten
494 1327 573 1395 Ansg.
655 1344 713 1380 eum
731 1344 760 1379 eo
779 1329 851 1393 quod
868 1327 956 1380 Bamb.
974 1344 999 1381 n.
1019 1325 1092 1378 Bern.
1110 1355 1145 1364 -
1163 1327 1240 1391 quod

164 1395 246 1449 Halm.
320 1399 357 1449 14.
375 1398 443 1448 dicit
459 1398 567 1447 otetant
584 1396 636 1448 alte
652 1395 732 1463 Ansg.
749 1425 783 1434 —
801 1394 1046 1448 dict-itabantBem.
1119 1396 1158 1447 ll.
1173 1409 1238 1458 pre·

166 1468 234 1517 tium
251 1493 286 1504 -
301 1467 450 1532 praemium
467 1462 571 1530 Regius.
652 1466 691 1517 18.
705 1467 886 1530 praecipimus
903 1492 937 1503 -
952 1465 1136 1530 praecepimus
1153 1459 1239 1515 Halm.

234 1535 274 1585 20.
294 1537 397 1584 tantam
413 1561 448 1570 -
465 1533 542 1583 celim
562 1530 656 1597 Regius
674 1561 708 1570 -
726 1536 802 1584 tanta
820 1535 856 1583 sit
872 1548 898 1583 u.
915 1531 936 1593 f.
955 1531 975 1593 f.
993 1530 1057 1597 Jeep
1083 1529 1134 1582 und
1152 1527 1238 1582 Halm.

234 1603 275 1653 26.
293 1603 322 1651 in
339 1601 386 1651 itta
404 1599 479 1652 Gertz
496 1628 531 1638 -
548 1599 605 1651 itta.
675 1602 714 1653 29.
733 1616 769 1652 an
785 1603 810 1650 si
828 1599 913 1666 Gamp.
931 1628 965 1639 -
983 1615 1028 1651 on.
1103 1599 1144 1650 32.
1165 1597 1240 1664 quod

163 1683 219 1718 non
236 1670 318 1720 simus
334 1666 430 1732 Regius
447 1695 480 1706 -
498 1668 570 1732 quod
585 1669 674 1721 stritus.

556 2429 846 2511 Berichtigung.

234 2580 260 2634 S.
279 2585 294 2636 6
313 2581 339 2635 Ζ.
361 2585 391 2634 10
410 2582 468 2634 lies:
489 2580 529 2633 die
546 2580 681 2634 Halmsche
699 2578 827 2646 Ausgabe.
840 2609 872 2622 .—
893 2578 918 2632 S.
937 2583 969 2633 55
988 2579 1015 2632 Z.
1039 2583 1067 2633 13
1087 2594 1138 2632 von
1157 2586 1237 2634 unten

163 2649 223 2702 lies:
243 2650 396 2715 derr'geuda.
718 2668 721 2679 ·

433 3955 507 3998 Druck
520 3966 563 3998 ron
576 3955 597 3998 J.
610 3955 634 3996 B.
649 3952 818 3998 Hirschfeld
832 3951 856 3996 in
868 3953 967 4006 Leipzig.
