<?xml version="1.0" encoding="UTF-8"?>
<!DOCTYPE html PUBLIC "-//W3C//DTD XHTML 1.0 Transitional//EN"
    "http://www.w3.org/TR/xhtml1/DTD/xhtml1-transitional.dtd">
<html xmlns="http://www.w3.org/1999/xhtml" xml:lang="en" lang="en">
 <head>
  <title>
</title>
<meta http-equiv="Content-Type" content="text/html;charset=utf-8" />
  <meta name='ocr-system' content='tesseract 3.04.00' />
  <meta name='ocr-capabilities' content='ocr_page ocr_carea ocr_par ocr_line ocrx_word'/>
</head>
<body>
  <div class='ocr_page' id='page_1' title='image "./mfabiiquintilia03quingoog_0032.png"; bbox 0 0 2684 4508; ppageno 0'>
   <div class='ocr_carea' id='block_1_1' title="bbox 492 244 1179 314">
    <p class='ocr_par' dir='ltr' id='par_1_1' title="bbox 492 244 1179 314">
     <span class='ocr_line' id='line_1_1' title="bbox 492 244 1179 314; baseline 0.007 -15"><span class='ocrx_word' id='word_1_1' title='bbox 492 246 600 299; x_wconf 80' lang='lat' dir='ltr'><strong>cneur</strong></span> <span class='ocrx_word' id='word_1_2' title='bbox 617 247 634 300; x_wconf 89' lang='lat'><strong>1.</strong></span> <span class='ocrx_word' id='word_1_3' title='bbox 653 247 670 314; x_wconf 70' lang='grc' dir='ltr'><strong>ς</strong></span> <span class='ocrx_word' id='word_1_4' title='bbox 688 248 797 300; x_wconf 82' lang='lat' dir='ltr'><strong>ar-n.</strong></span> <span class='ocrx_word' id='word_1_5' title='bbox 1140 244 1179 304; x_wconf 79' lang='lat'><strong>27</strong></span> 
     </span>
    </p>
   </div>
   <div class='ocr_carea' id='block_1_2' title="bbox 107 419 1233 1772">
    <p class='ocr_par' dir='ltr' id='par_1_2' title="bbox 107 419 1233 1772">
     <span class='ocr_line' id='line_1_2' title="bbox 108 419 1233 500; baseline 0 -17"><span class='ocrx_word' id='word_1_6' title='bbox 108 421 241 500; x_wconf 78' lang='lat' dir='ltr'><strong>singulos</strong></span> <span class='ocrx_word' id='word_1_7' title='bbox 261 420 372 480; x_wconf 81' lang='lat' dir='ltr'><strong>infiniti</strong></span> <span class='ocrx_word' id='word_1_8' title='bbox 393 420 483 480; x_wconf 90' lang='lat' dir='ltr'><strong>inerit</strong></span> <span class='ocrx_word' id='word_1_9' title='bbox 502 420 610 498; x_wconf 88' lang='lat' dir='ltr'><strong>operis.</strong></span> <span class='ocrx_word' id='word_1_10' title='bbox 637 419 755 498; x_wconf 83' lang='lat' dir='ltr'>Quippe</span> <span class='ocrx_word' id='word_1_11' title='bbox 776 438 844 480; x_wconf 90' lang='lat' dir='ltr'><strong>cum</strong></span> <span class='ocrx_word' id='word_1_12' title='bbox 859 421 889 480; x_wconf 94' lang='lat' dir='ltr'><strong>in</strong></span> <span class='ocrx_word' id='word_1_13' title='bbox 906 421 1000 480; x_wconf 87' lang='lat' dir='ltr'><strong>Bruto</strong></span> <span class='ocrx_word' id='word_1_14' title='bbox 1015 421 1053 480; x_wconf 87' lang='lat' dir='ltr'><strong>M.</strong></span> <span class='ocrx_word' id='word_1_15' title='bbox 1070 421 1183 483; x_wconf 86' lang='lat' dir='ltr'><strong>Tullius</strong></span> <span class='ocrx_word' id='word_1_16' title='bbox 1205 432 1233 483; x_wconf 84' lang='lat'><strong>38</strong></span> 
     </span>
     <span class='ocr_line' id='line_1_3' title="bbox 108 505 1182 583; baseline -0.001 -16"><span class='ocrx_word' id='word_1_17' title='bbox 108 515 152 568; x_wconf 91' lang='lat' dir='ltr'><strong>tot</strong></span> <span class='ocrx_word' id='word_1_18' title='bbox 167 505 286 566; x_wconf 88' lang='lat' dir='ltr'><strong>milibus</strong></span> <span class='ocrx_word' id='word_1_19' title='bbox 300 523 440 565; x_wconf 84' lang='lat' dir='ltr'><strong>versumn</strong></span> <span class='ocrx_word' id='word_1_20' title='bbox 463 505 500 565; x_wconf 91' lang='lat' dir='ltr'><strong>de</strong></span> <span class='ocrx_word' id='word_1_21' title='bbox 514 505 656 566; x_wconf 83' lang='lat' dir='ltr'><strong>Romanis</strong></span> <span class='ocrx_word' id='word_1_22' title='bbox 670 515 785 565; x_wconf 87' lang='lat' dir='ltr'><strong>tantum</strong></span> <span class='ocrx_word' id='word_1_23' title='bbox 808 505 974 566; x_wconf 89' lang='lat' dir='ltr'><strong>oratoribus</strong></span> <span class='ocrx_word' id='word_1_24' title='bbox 994 506 1134 583; x_wconf 88' lang='lat' dir='ltr'><strong>loquatur</strong></span> <span class='ocrx_word' id='word_1_25' title='bbox 1153 516 1182 566; x_wconf 91' lang='lat' dir='ltr'><strong>et</strong></span> 
     </span>
     <span class='ocr_line' id='line_1_4' title="bbox 107 589 1182 668; baseline -0.002 -16"><span class='ocrx_word' id='word_1_26' title='bbox 107 601 205 652; x_wconf 89' lang='lat' dir='ltr'><strong>tamen</strong></span> <span class='ocrx_word' id='word_1_27' title='bbox 222 591 258 650; x_wconf 93' lang='lat' dir='ltr'><strong>de</strong></span> <span class='ocrx_word' id='word_1_28' title='bbox 274 589 413 651; x_wconf 88' lang='lat' dir='ltr'><strong>omnibus</strong></span> <span class='ocrx_word' id='word_1_29' title='bbox 428 590 529 650; x_wconf 89' lang='lat' dir='ltr'><strong>aetatis</strong></span> <span class='ocrx_word' id='word_1_30' title='bbox 544 608 623 664; x_wconf 88' lang='lat' dir='ltr'><strong>suae,</strong></span> <span class='ocrx_word' id='word_1_31' title='bbox 639 590 816 668; x_wconf 86' lang='lat' dir='ltr'><strong>quibuscum</strong></span> <span class='ocrx_word' id='word_1_32' title='bbox 829 591 952 663; x_wconf 80' lang='lat' dir='ltr'><strong>vivebat,</strong></span> <span class='ocrx_word' id='word_1_33' title='bbox 968 591 1099 668; x_wconf 85' lang='lat' dir='ltr'><strong>exceptis</strong></span> <span class='ocrx_word' id='word_1_34' title='bbox 1110 591 1182 651; x_wconf 80' lang='lat' dir='ltr'><strong>Gae-</strong></span> 
     </span>
     <span class='ocr_line' id='line_1_5' title="bbox 107 674 1182 754; baseline -0.001 -17"><span class='ocrx_word' id='word_1_35' title='bbox 107 695 174 738; x_wconf 90' lang='lat' dir='ltr'><strong>sare</strong></span> <span class='ocrx_word' id='word_1_36' title='bbox 190 685 279 754; x_wconf 87' lang='lat' dir='ltr'><strong>atque</strong></span> <span class='ocrx_word' id='word_1_37' title='bbox 294 675 441 749; x_wconf 86' lang='lat' dir='ltr'><strong>Marcello,</strong></span> <span class='ocrx_word' id='word_1_38' title='bbox 458 675 609 735; x_wconf 89' lang='lat' dir='ltr'><strong>silentium</strong></span> <span class='ocrx_word' id='word_1_39' title='bbox 624 675 733 754; x_wconf 66' lang='lat' dir='ltr'><strong>egerite</strong></span> <span class='ocrx_word' id='word_1_40' title='bbox 748 674 815 752; x_wconf 93' lang='lat' dir='ltr'><strong>quis</strong></span> <span class='ocrx_word' id='word_1_41' title='bbox 829 675 886 735; x_wconf 86' lang='lat' dir='ltr'><strong>erit</strong></span> <span class='ocrx_word' id='word_1_42' title='bbox 900 676 1015 750; x_wconf 85' lang='lat' dir='ltr'><strong>modus,</strong></span> <span class='ocrx_word' id='word_1_43' title='bbox 1031 676 1055 736; x_wconf 93' lang='lat' dir='ltr'><strong>si</strong></span> <span class='ocrx_word' id='word_1_44' title='bbox 1071 684 1101 736; x_wconf 89' lang='lat' dir='ltr'><strong>et</strong></span> <span class='ocrx_word' id='word_1_45' title='bbox 1116 677 1182 736; x_wconf 89' lang='lat' dir='ltr'><strong>ilios</strong></span> 
     </span>
     <span class='ocr_line' id='line_1_6' title="bbox 109 754 1182 843; baseline -0.002 -21"><span class='ocrx_word' id='word_1_46' title='bbox 109 771 138 822; x_wconf 92' lang='lat' dir='ltr'><strong>et</strong></span> <span class='ocrx_word' id='word_1_47' title='bbox 160 761 211 839; x_wconf 92' lang='lat' dir='ltr'><strong>qui</strong></span> <span class='ocrx_word' id='word_1_48' title='bbox 232 767 333 838; x_wconf 88' lang='lat' dir='ltr'><strong>postea</strong></span> <span class='ocrx_word' id='word_1_49' title='bbox 354 760 476 820; x_wconf 88' lang='lat' dir='ltr'><strong>inerunt</strong></span> <span class='ocrx_word' id='word_1_50' title='bbox 497 767 527 819; x_wconf 88' lang='lat' dir='ltr'><strong>et</strong></span> <span class='ocrx_word' id='word_1_51' title='bbox 542 759 669 820; x_wconf 88' lang='lat' dir='ltr'><strong>Graecos</strong></span> <span class='ocrx_word' id='word_1_52' title='bbox 690 760 787 820; x_wconf 89' lang='lat' dir='ltr'><strong>omnis</strong></span> <span class='ocrx_word' id='word_1_53' title='bbox 804 779 1011 840; x_wconf 76' lang='lat' dir='ltr'><strong>persequamur</strong></span> <span class='ocrx_word' id='word_1_54' title='bbox 1030 754 1071 843; x_wconf 89' lang='lat' dir='ltr'><strong>[et</strong></span> <span class='ocrx_word' id='word_1_55' title='bbox 1085 761 1182 839; x_wconf 92' lang='lat' dir='ltr'><strong>philo·</strong></span> 
     </span>
     <span class='ocr_line' id='line_1_7' title="bbox 108 841 1233 926; baseline -0.003 -19"><span class='ocrx_word' id='word_1_56' title='bbox 108 841 256 926; x_wconf 83' lang='lat' dir='ltr'><strong>sophos]‘i</strong></span> <span class='ocrx_word' id='word_1_57' title='bbox 271 844 338 904; x_wconf 85' lang='lat' dir='ltr'><strong>Fuit</strong></span> <span class='ocrx_word' id='word_1_58' title='bbox 352 845 442 922; x_wconf 85' lang='lat' dir='ltr'><strong>igitur</strong></span> <span class='ocrx_word' id='word_1_59' title='bbox 457 844 584 905; x_wconf 77' lang='lat' dir='ltr'><strong>brevitas</strong></span> <span class='ocrx_word' id='word_1_60' title='bbox 599 845 647 904; x_wconf 90' lang='lat' dir='ltr'><strong>iila</strong></span> <span class='ocrx_word' id='word_1_61' title='bbox 662 844 815 918; x_wconf 83' lang='lat' dir='ltr'><strong>tutissima,</strong></span> <span class='ocrx_word' id='word_1_62' title='bbox 832 863 907 922; x_wconf 84' lang='lat' dir='ltr'><strong>quac</strong></span> <span class='ocrx_word' id='word_1_63' title='bbox 922 853 966 906; x_wconf 91' lang='lat' dir='ltr'><strong>est</strong></span> <span class='ocrx_word' id='word_1_64' title='bbox 979 845 1057 923; x_wconf 92' lang='lat' dir='ltr'><strong>apud</strong></span> <span class='ocrx_word' id='word_1_65' title='bbox 1068 845 1183 905; x_wconf 86' lang='lat' dir='ltr'><strong>Livium</strong></span> <span class='ocrx_word' id='word_1_66' title='bbox 1205 855 1233 904; x_wconf 77' lang='lat'><strong>39</strong></span> 
     </span>
     <span class='ocr_line' id='line_1_8' title="bbox 109 929 1181 1009; baseline 0 -19"><span class='ocrx_word' id='word_1_67' title='bbox 109 931 140 991; x_wconf 93' lang='lat' dir='ltr'><strong>in</strong></span> <span class='ocrx_word' id='word_1_68' title='bbox 157 930 282 1009; x_wconf 88' lang='lat' dir='ltr'><strong>epistola</strong></span> <span class='ocrx_word' id='word_1_69' title='bbox 301 929 336 988; x_wconf 89' lang='lat' dir='ltr'><strong>ad</strong></span> <span class='ocrx_word' id='word_1_70' title='bbox 350 929 441 989; x_wconf 89' lang='lat' dir='ltr'><strong>fihum</strong></span> <span class='ocrx_word' id='word_1_71' title='bbox 464 929 588 1007; x_wconf 87' lang='lat' dir='ltr'><strong>scripta:</strong></span> <span class='ocrx_word' id='word_1_72' title='bbox 609 929 796 1006; x_wconf 84' lang='lat' dir='ltr'><strong>legendos</strong></span> <span class='ocrx_word' id='word_1_73' title='bbox 818 930 1101 991; x_wconf 77' lang='lat' dir='ltr'><strong>Demosthenen</strong></span> <span class='ocrx_word' id='word_1_74' title='bbox 1125 939 1181 990; x_wconf 92' lang='lat' dir='ltr'><strong>at·</strong></span> 
     </span>
     <span class='ocr_line' id='line_1_9' title="bbox 110 1015 1181 1094; baseline -0.002 -18"><span class='ocrx_word' id='word_1_75' title='bbox 110 1034 182 1094; x_wconf 91' lang='lat' dir='ltr'><strong>que</strong></span> <span class='ocrx_word' id='word_1_76' title='bbox 208 1015 444 1088; x_wconf 81' lang='lat' dir='ltr'><strong>Ciceronem,</strong></span> <span class='ocrx_word' id='word_1_77' title='bbox 474 1023 549 1074; x_wconf 92' lang='lat' dir='ltr'><strong>tum</strong></span> <span class='ocrx_word' id='word_1_78' title='bbox 579 1015 645 1088; x_wconf 88' lang='lat' dir='ltr'><strong>ita,</strong></span> <span class='ocrx_word' id='word_1_79' title='bbox 675 1015 893 1091; x_wconf 83' lang='lat' dir='ltr'><strong>utquisque</strong></span> <span class='ocrx_word' id='word_1_80' title='bbox 922 1024 1025 1076; x_wconf 92' lang='lat' dir='ltr'><strong>esset</strong></span> <span class='ocrx_word' id='word_1_81' title='bbox 1051 1015 1181 1075; x_wconf 87' lang='lat' dir='ltr'><strong>Demo·</strong></span> 
     </span>
     <span class='ocr_line' id='line_1_10' title="bbox 110 1098 1233 1161; baseline 0 -1"><span class='ocrx_word' id='word_1_82' title='bbox 110 1100 242 1161; x_wconf 89' lang='lat' dir='ltr'><strong>stheni</strong></span> <span class='ocrx_word' id='word_1_83' title='bbox 263 1107 296 1158; x_wconf 89' lang='lat' dir='ltr'><strong>et</strong></span> <span class='ocrx_word' id='word_1_84' title='bbox 312 1098 495 1161; x_wconf 80' lang='lat' dir='ltr'><strong>Ciceroni</strong></span> <span class='ocrx_word' id='word_1_85' title='bbox 517 1099 746 1160; x_wconf 89' lang='lat' dir='ltr'><strong>simillimus.</strong></span> <span class='ocrx_word' id='word_1_86' title='bbox 777 1099 843 1158; x_wconf 90' lang='lat' dir='ltr'><strong>Non</strong></span> <span class='ocrx_word' id='word_1_87' title='bbox 860 1108 905 1160; x_wconf 90' lang='lat' dir='ltr'><strong>est</strong></span> <span class='ocrx_word' id='word_1_88' title='bbox 925 1108 1023 1159; x_wconf 87' lang='lat' dir='ltr'><strong>tamen</strong></span> <span class='ocrx_word' id='word_1_89' title='bbox 1046 1100 1182 1160; x_wconf 90' lang='lat' dir='ltr'><strong>dissimu·</strong></span> <span class='ocrx_word' id='word_1_90' title='bbox 1204 1109 1233 1160; x_wconf 82' lang='lat'><strong>40</strong></span> 
     </span>
     <span class='ocr_line' id='line_1_11' title="bbox 109 1182 1182 1262; baseline 0 -17"><span class='ocrx_word' id='word_1_91' title='bbox 109 1184 194 1245; x_wconf 87' lang='lat' dir='ltr'><strong>landa</strong></span> <span class='ocrx_word' id='word_1_92' title='bbox 210 1183 302 1244; x_wconf 89' lang='lat' dir='ltr'><strong>nost&#39;ri</strong></span> <span class='ocrx_word' id='word_1_93' title='bbox 318 1202 438 1262; x_wconf 92' lang='lat' dir='ltr'><strong>quoque</strong></span> <span class='ocrx_word' id='word_1_94' title='bbox 453 1183 553 1244; x_wconf 91' lang='lat' dir='ltr'><strong>iudicii</strong></span> <span class='ocrx_word' id='word_1_95' title='bbox 568 1201 691 1244; x_wconf 88' lang='lat' dir='ltr'><strong>summa.</strong></span> <span class='ocrx_word' id='word_1_96' title='bbox 721 1182 835 1242; x_wconf 89' lang='lat' dir='ltr'><strong>Paucos</strong></span> <span class='ocrx_word' id='word_1_97' title='bbox 856 1183 935 1243; x_wconf 93' lang='lat' dir='ltr'><strong>enim</strong></span> <span class='ocrx_word' id='word_1_98' title='bbox 955 1184 1001 1243; x_wconf 88' lang='lat' dir='ltr'><strong>vei</strong></span> <span class='ocrx_word' id='word_1_99' title='bbox 1023 1185 1121 1262; x_wconf 90' lang='lat' dir='ltr'><strong>potius</strong></span> <span class='ocrx_word' id='word_1_100' title='bbox 1135 1185 1182 1245; x_wconf 82' lang='lat' dir='ltr'><strong>vix</strong></span> 
     </span>
     <span class='ocr_line' id='line_1_12' title="bbox 110 1267 1182 1348; baseline -0.002 -17"><span class='ocrx_word' id='word_1_101' title='bbox 110 1269 200 1331; x_wconf 87' lang='lat' dir='ltr'><strong>ulium</strong></span> <span class='ocrx_word' id='word_1_102' title='bbox 218 1287 253 1329; x_wconf 87' lang='lat' dir='ltr'><strong>ex</strong></span> <span class='ocrx_word' id='word_1_103' title='bbox 268 1268 314 1328; x_wconf 91' lang='lat' dir='ltr'><strong>his</strong></span> <span class='ocrx_word' id='word_1_104' title='bbox 331 1269 382 1346; x_wconf 92' lang='lat' dir='ltr'><strong>qui</strong></span> <span class='ocrx_word' id='word_1_105' title='bbox 396 1277 571 1329; x_wconf 85' lang='lat' dir='ltr'><strong>vetustatem</strong></span> <span class='ocrx_word' id='word_1_106' title='bbox 592 1267 782 1345; x_wconf 88' lang='lat' dir='ltr'><strong>pertulerunt</strong></span> <span class='ocrx_word' id='word_1_107' title='bbox 796 1267 931 1328; x_wconf 82' lang='lat' dir='ltr'><strong>existimo</strong></span> <span class='ocrx_word' id='word_1_108' title='bbox 946 1286 1033 1346; x_wconf 92' lang='lat' dir='ltr'><strong>posse</strong></span> <span class='ocrx_word' id='word_1_109' title='bbox 1048 1270 1182 1348; x_wconf 84' lang='lat' dir='ltr'><strong>reperiri,</strong></span> 
     </span>
     <span class='ocr_line' id='line_1_13' title="bbox 108 1352 1183 1431; baseline -0.002 -17"><span class='ocrx_word' id='word_1_110' title='bbox 108 1354 179 1431; x_wconf 92' lang='lat' dir='ltr'><strong>quin</strong></span> <span class='ocrx_word' id='word_1_111' title='bbox 196 1353 336 1414; x_wconf 89' lang='lat' dir='ltr'><strong>iudicium</strong></span> <span class='ocrx_word' id='word_1_112' title='bbox 351 1353 561 1414; x_wconf 83' lang='lat' dir='ltr'><strong>adhibentibus</strong></span> <span class='ocrx_word' id='word_1_113' title='bbox 572 1352 722 1413; x_wconf 81' lang='lat' dir='ltr'><strong>adlaturus</strong></span> <span class='ocrx_word' id='word_1_114' title='bbox 737 1352 775 1412; x_wconf 88' lang='lat' dir='ltr'><strong>sit</strong></span> <span class='ocrx_word' id='word_1_115' title='bbox 789 1352 922 1412; x_wconf 88' lang='lat' dir='ltr'><strong>utilitatis</strong></span> <span class='ocrx_word' id='word_1_116' title='bbox 933 1352 1051 1430; x_wconf 92' lang='lat' dir='ltr'><strong>aliquid,</strong></span> <span class='ocrx_word' id='word_1_117' title='bbox 1068 1372 1136 1413; x_wconf 90' lang='lat' dir='ltr'><strong>cum</strong></span> <span class='ocrx_word' id='word_1_118' title='bbox 1151 1372 1183 1414; x_wconf 91' lang='lat' dir='ltr'><strong>se</strong></span> 
     </span>
     <span class='ocr_line' id='line_1_14' title="bbox 109 1437 1183 1516; baseline -0.002 -17"><span class='ocrx_word' id='word_1_119' title='bbox 109 1439 210 1499; x_wconf 88' lang='lat' dir='ltr'><strong>Cicero</strong></span> <span class='ocrx_word' id='word_1_120' title='bbox 223 1438 260 1498; x_wconf 91' lang='lat' dir='ltr'><strong>ab</strong></span> <span class='ocrx_word' id='word_1_121' title='bbox 271 1437 328 1498; x_wconf 90' lang='lat' dir='ltr'><strong>iilis</strong></span> <span class='ocrx_word' id='word_1_122' title='bbox 341 1456 461 1516; x_wconf 90' lang='lat' dir='ltr'><strong>quoqne</strong></span> <span class='ocrx_word' id='word_1_123' title='bbox 472 1437 676 1498; x_wconf 81' lang='lat' dir='ltr'><strong>vetustissimis</strong></span> <span class='ocrx_word' id='word_1_124' title='bbox 691 1437 870 1510; x_wconf 86' lang='lat' dir='ltr'><strong>auctoribus,</strong></span> <span class='ocrx_word' id='word_1_125' title='bbox 886 1437 1049 1515; x_wconf 79' lang='lat' dir='ltr'><strong>ingeniosis</strong></span> <span class='ocrx_word' id='word_1_126' title='bbox 1065 1438 1183 1515; x_wconf 90' lang='lat' dir='ltr'><strong>quidem</strong></span> 
     </span>
     <span class='ocr_line' id='line_1_15' title="bbox 107 1521 1233 1600; baseline -0.002 -16"><span class='ocrx_word' id='word_1_127' title='bbox 107 1523 158 1584; x_wconf 87' lang='lat' dir='ltr'><strong>sed</strong></span> <span class='ocrx_word' id='word_1_128' title='bbox 174 1531 237 1583; x_wconf 86' lang='lat' dir='ltr'><strong>arte</strong></span> <span class='ocrx_word' id='word_1_129' title='bbox 252 1523 432 1595; x_wconf 90' lang='lat' dir='ltr'><strong>carentibus,</strong></span> <span class='ocrx_word' id='word_1_130' title='bbox 447 1523 608 1600; x_wconf 89' lang='lat' dir='ltr'><strong>plurimum</strong></span> <span class='ocrx_word' id='word_1_131' title='bbox 617 1523 744 1582; x_wconf 84' lang='lat' dir='ltr'><strong>fateatur</strong></span> <span class='ocrx_word' id='word_1_132' title='bbox 760 1521 902 1582; x_wconf 87' lang='lat' dir='ltr'><strong>adiutum.</strong></span> <span class='ocrx_word' id='word_1_133' title='bbox 928 1521 989 1582; x_wconf 91' lang='lat' dir='ltr'><strong>Nec</strong></span> <span class='ocrx_word' id='word_1_134' title='bbox 1000 1522 1094 1582; x_wconf 90' lang='lat' dir='ltr'><strong>multo</strong></span> <span class='ocrx_word' id='word_1_135' title='bbox 1105 1522 1183 1583; x_wconf 89' lang='lat' dir='ltr'><strong>aliud</strong></span> <span class='ocrx_word' id='word_1_136' title='bbox 1206 1531 1233 1582; x_wconf 85' lang='lat' dir='ltr'><strong>u</strong></span> 
     </span>
     <span class='ocr_line' id='line_1_16' title="bbox 107 1606 1183 1685; baseline -0.001 -17"><span class='ocrx_word' id='word_1_137' title='bbox 107 1609 144 1668; x_wconf 92' lang='lat' dir='ltr'><strong>de</strong></span> <span class='ocrx_word' id='word_1_138' title='bbox 159 1609 244 1668; x_wconf 91' lang='lat' dir='ltr'><strong>novis</strong></span> <span class='ocrx_word' id='word_1_139' title='bbox 259 1608 366 1667; x_wconf 90' lang='lat' dir='ltr'><strong>sentio.</strong></span> <span class='ocrx_word' id='word_1_140' title='bbox 395 1606 511 1677; x_wconf 86' lang='lat' dir='ltr'><strong>Quotus</strong></span> <span class='ocrx_word' id='word_1_141' title='bbox 526 1607 605 1668; x_wconf 90' lang='lat' dir='ltr'><strong>enim</strong></span> <span class='ocrx_word' id='word_1_142' title='bbox 620 1607 745 1685; x_wconf 91' lang='lat' dir='ltr'><strong>quisque</strong></span> <span class='ocrx_word' id='word_1_143' title='bbox 760 1607 886 1667; x_wconf 87' lang='lat' dir='ltr'><strong>inveniri</strong></span> <span class='ocrx_word' id='word_1_144' title='bbox 908 1615 967 1666; x_wconf 87' lang='lat' dir='ltr'><strong>tam</strong></span> <span class='ocrx_word' id='word_1_145' title='bbox 988 1608 1110 1667; x_wconf 91' lang='lat' dir='ltr'><strong>demens</strong></span> <span class='ocrx_word' id='word_1_146' title='bbox 1128 1626 1183 1685; x_wconf 93' lang='lat' dir='ltr'><strong>po·</strong></span> 
     </span>
     <span class='ocr_line' id='line_1_17' title="bbox 109 1692 1183 1772; baseline 0 -19"><span class='ocrx_word' id='word_1_147' title='bbox 109 1701 181 1766; x_wconf 88' lang='lat' dir='ltr'><strong>test,</strong></span> <span class='ocrx_word' id='word_1_148' title='bbox 205 1693 309 1770; x_wconf 91' lang='lat' dir='ltr'><strong>quine</strong></span> <span class='ocrx_word' id='word_1_149' title='bbox 325 1692 446 1752; x_wconf 89' lang='lat' dir='ltr'><strong>minima</strong></span> <span class='ocrx_word' id='word_1_150' title='bbox 462 1693 579 1772; x_wconf 89' lang='lat' dir='ltr'><strong>quidem</strong></span> <span class='ocrx_word' id='word_1_151' title='bbox 595 1692 718 1752; x_wconf 90' lang='lat' dir='ltr'><strong>alicuius</strong></span> <span class='ocrx_word' id='word_1_152' title='bbox 733 1699 814 1752; x_wconf 87' lang='lat' dir='ltr'><strong>certe</strong></span> <span class='ocrx_word' id='word_1_153' title='bbox 829 1692 936 1752; x_wconf 86' lang='lat' dir='ltr'><strong>fiducia</strong></span> <span class='ocrx_word' id='word_1_154' title='bbox 956 1693 1049 1771; x_wconf 90' lang='lat' dir='ltr'><strong>partis</strong></span> <span class='ocrx_word' id='word_1_155' title='bbox 1070 1710 1183 1753; x_wconf 90' lang='lat' dir='ltr'><strong>memo-</strong></span> 
     </span>
    </p>
   </div>
   <div class='ocr_carea' id='block_1_3' title="bbox 106 1823 1188 3986">
    <p class='ocr_par' dir='ltr' id='par_1_3' title="bbox 108 1823 1184 2091">
     <span class='ocr_line' id='line_1_18' title="bbox 144 1823 1183 1885; baseline 0.001 -10"><span class='ocrx_word' id='word_1_156' title='bbox 144 1825 184 1875; x_wconf 81' lang='lat'><strong>38.</strong></span> <span class='ocrx_word' id='word_1_157' title='bbox 202 1825 299 1873; x_wconf 64' lang='lat' dir='ltr'><strong>oetam</strong></span> <span class='ocrx_word' id='word_1_158' title='bbox 315 1837 391 1884; x_wconf 77' lang='lat' dir='ltr'><strong>succ,</strong></span> <span class='ocrx_word' id='word_1_159' title='bbox 414 1823 459 1874; x_wconf 84' lang='lat' dir='ltr'><strong>das</strong></span> <span class='ocrx_word' id='word_1_160' title='bbox 476 1823 620 1875; x_wconf 86' lang='lat' dir='ltr'><strong>Pronomen</strong></span> <span class='ocrx_word' id='word_1_161' title='bbox 672 1824 796 1875; x_wconf 78' lang='lat' dir='ltr'><strong>Ciceroni</strong></span> <span class='ocrx_word' id='word_1_162' title='bbox 817 1825 982 1885; x_wconf 79' lang='lat' dir='ltr'><strong>simillimur3</strong></span> <span class='ocrx_word' id='word_1_163' title='bbox 1010 1827 1051 1876; x_wconf 92' lang='lat' dir='ltr'><strong>ein</strong></span> <span class='ocrx_word' id='word_1_164' title='bbox 1077 1825 1183 1876; x_wconf 83' lang='lat' dir='ltr'><strong>anderes</strong></span> 
     </span>
     <span class='ocr_line' id='line_1_19' title="bbox 108 1889 1183 1957; baseline 0.001 -15"><span class='ocrx_word' id='word_1_165' title='bbox 108 1891 285 1957; x_wconf 82' lang='lat' dir='ltr'><strong>possessivum</strong></span> <span class='ocrx_word' id='word_1_166' title='bbox 307 1893 369 1940; x_wconf 86' lang='lat' dir='ltr'><strong>statt</strong></span> <span class='ocrx_word' id='word_1_167' title='bbox 391 1889 436 1942; x_wconf 89' lang='lat' dir='ltr'><strong>des</strong></span> <span class='ocrx_word' id='word_1_168' title='bbox 463 1890 620 1942; x_wconf 84' lang='lat' dir='ltr'><strong>demonstre—</strong></span> <span class='ocrx_word' id='word_1_169' title='bbox 671 1892 854 1943; x_wconf 79' lang='lat' dir='ltr'><strong>interessentes</strong></span> <span class='ocrx_word' id='word_1_170' title='bbox 862 1892 928 1943; x_wconf 82' lang='lat' dir='ltr'><strong>uitat</strong></span> <span class='ocrx_word' id='word_1_171' title='bbox 937 1908 982 1944; x_wconf 85' lang='lat' dir='ltr'><strong>cus</strong></span> <span class='ocrx_word' id='word_1_172' title='bbox 992 1891 1088 1944; x_wconf 87' lang='lat' dir='ltr'><strong>diesem</strong></span> <span class='ocrx_word' id='word_1_173' title='bbox 1098 1891 1183 1943; x_wconf 88' lang='lat' dir='ltr'><strong>Brieie</strong></span> 
     </span>
     <span class='ocr_line' id='line_1_20' title="bbox 108 1957 1184 2022; baseline 0.002 -14"><span class='ocrx_word' id='word_1_174' title='bbox 108 1958 190 2008; x_wconf 85' lang='lat' dir='ltr'><strong>tivum</strong></span> <span class='ocrx_word' id='word_1_175' title='bbox 212 1958 253 2009; x_wconf 89' lang='lat' dir='ltr'><strong>bei</strong></span> <span class='ocrx_word' id='word_1_176' title='bbox 272 1957 356 2017; x_wconf 80' lang='lat' dir='ltr'><strong>Quint.</strong></span> <span class='ocrx_word' id='word_1_177' title='bbox 379 1958 430 2009; x_wconf 82' lang='lat' dir='ltr'><strong>und</strong></span> <span class='ocrx_word' id='word_1_178' title='bbox 453 1959 539 2010; x_wconf 88' lang='lat' dir='ltr'><strong>Livius</strong></span> <span class='ocrx_word' id='word_1_179' title='bbox 561 1958 620 2009; x_wconf 86' lang='lat' dir='ltr'><strong>sehr</strong></span> <span class='ocrx_word' id='word_1_180' title='bbox 671 1957 732 2021; x_wconf 88' lang='lat' dir='ltr'><strong>Viii,</strong></span> <span class='ocrx_word' id='word_1_181' title='bbox 752 1961 775 2022; x_wconf 76' lang='lat'><strong>2,</strong></span> <span class='ocrx_word' id='word_1_182' title='bbox 796 1961 835 2022; x_wconf 84' lang='lat'><strong>18,</strong></span> <span class='ocrx_word' id='word_1_183' title='bbox 858 1975 900 2010; x_wconf 88' lang='lat' dir='ltr'><strong>wc</strong></span> <span class='ocrx_word' id='word_1_184' title='bbox 920 1974 971 2010; x_wconf 85' lang='lat' dir='ltr'><strong>ron</strong></span> <span class='ocrx_word' id='word_1_185' title='bbox 990 1961 1074 2012; x_wconf 90' lang='lat' dir='ltr'><strong>cinem</strong></span> <span class='ocrx_word' id='word_1_186' title='bbox 1091 1960 1184 2011; x_wconf 84' lang='lat' dir='ltr'><strong>behrer</strong></span> 
     </span>
     <span class='ocr_line' id='line_1_21' title="bbox 109 2025 1184 2091; baseline 0.002 -15"><span class='ocrx_word' id='word_1_187' title='bbox 109 2025 203 2087; x_wconf 83' lang='lat' dir='ltr'><strong>irbiich,</strong></span> <span class='ocrx_word' id='word_1_188' title='bbox 221 2025 274 2091; x_wconf 79' lang='lat' dir='ltr'><strong>vgl.</strong></span> <span class='ocrx_word' id='word_1_189' title='bbox 293 2028 308 2089; x_wconf 68' lang='grc' dir='ltr'><strong>ξ</strong></span> <span class='ocrx_word' id='word_1_190' title='bbox 330 2028 385 2077; x_wconf 83' lang='grc'>112,</span> <span class='ocrx_word' id='word_1_191' title='bbox 672 2026 769 2077; x_wconf 81' lang='lat' dir='ltr'><strong>erzihit</strong></span> <span class='ocrx_word' id='word_1_192' title='bbox 781 2025 853 2091; x_wconf 89' lang='lat' dir='ltr'><strong>wird,</strong></span> <span class='ocrx_word' id='word_1_193' title='bbox 872 2042 899 2078; x_wconf 89' lang='lat' dir='ltr'><strong>er</strong></span> <span class='ocrx_word' id='word_1_194' title='bbox 913 2028 980 2078; x_wconf 87' lang='lat' dir='ltr'><strong>habe</strong></span> <span class='ocrx_word' id='word_1_195' title='bbox 993 2029 1063 2079; x_wconf 87' lang='lat' dir='ltr'><strong>scine</strong></span> <span class='ocrx_word' id='word_1_196' title='bbox 1077 2027 1184 2078; x_wconf 84' lang='lat' dir='ltr'><strong>Schdier</strong></span> 
     </span>
    </p>

    <p class='ocr_par' dir='ltr' id='par_1_4' title="bbox 106 2092 1185 3038">
     <span class='ocr_line' id='line_1_22' title="bbox 143 2092 1183 2160; baseline 0.003 -17"><span class='ocrx_word' id='word_1_197' title='bbox 143 2096 296 2158; x_wconf 80' lang='lat' dir='ltr'><strong>quibuscum</strong></span> <span class='ocrx_word' id='word_1_198' title='bbox 312 2095 432 2158; x_wconf 81' lang='lat' dir='ltr'><strong>vivebat,</strong></span> <span class='ocrx_word' id='word_1_199' title='bbox 454 2093 519 2144; x_wconf 86' lang='lat' dir='ltr'><strong>ncch</strong></span> <span class='ocrx_word' id='word_1_200' title='bbox 537 2096 621 2143; x_wconf 87' lang='lat' dir='ltr'><strong>omui·</strong></span> <span class='ocrx_word' id='word_1_201' title='bbox 672 2092 853 2159; x_wconf 80' lang='lat' dir='ltr'><strong>cuigeiordert,</strong></span> <span class='ocrx_word' id='word_1_202' title='bbox 872 2094 921 2144; x_wconf 90' lang='lat' dir='ltr'><strong>den</strong></span> <span class='ocrx_word' id='word_1_203' title='bbox 940 2093 1115 2160; x_wconf 79' lang='lat' dir='ltr'><strong>Gegenstnnd,</strong></span> <span class='ocrx_word' id='word_1_204' title='bbox 1135 2094 1183 2146; x_wconf 90' lang='lat' dir='ltr'><strong>den</strong></span> 
     </span>
     <span class='ocr_line' id='line_1_23' title="bbox 109 2160 1183 2226; baseline 0.001 -15"><span class='ocrx_word' id='word_1_205' title='bbox 109 2163 156 2211; x_wconf 81' lang='lat' dir='ltr'><strong>bus</strong></span> <span class='ocrx_word' id='word_1_206' title='bbox 173 2165 270 2212; x_wconf 77' lang='lat' dir='ltr'><strong>aciatis</strong></span> <span class='ocrx_word' id='word_1_207' title='bbox 287 2177 351 2212; x_wconf 77' lang='lat' dir='ltr'><strong>suae</strong></span> <span class='ocrx_word' id='word_1_208' title='bbox 368 2161 535 2226; x_wconf 72' lang='lat' dir='ltr'><strong>dheriidssig,</strong></span> <span class='ocrx_word' id='word_1_209' title='bbox 554 2160 619 2212; x_wconf 91' lang='lat' dir='ltr'><strong>doch</strong></span> <span class='ocrx_word' id='word_1_210' title='bbox 673 2162 710 2211; x_wconf 92' lang='lat' dir='ltr'><strong>sie</strong></span> <span class='ocrx_word' id='word_1_211' title='bbox 722 2160 902 2226; x_wconf 84' lang='lat' dir='ltr'><strong>behandelien,</strong></span> <span class='ocrx_word' id='word_1_212' title='bbox 915 2176 946 2211; x_wconf 88' lang='lat' dir='ltr'><strong>zu</strong></span> <span class='ocrx_word' id='word_1_213' title='bbox 959 2161 1125 2225; x_wconf 88' lang='lat' dir='ltr'><strong>verdnnheln,</strong></span> <span class='ocrx_word' id='word_1_214' title='bbox 1137 2163 1183 2212; x_wconf 87' lang='lat' dir='ltr'><strong>mit</strong></span> 
     </span>
     <span class='ocr_line' id='line_1_24' title="bbox 108 2223 1183 2294; baseline 0 -13"><span class='ocrx_word' id='word_1_215' title='bbox 108 2229 152 2281; x_wconf 89' lang='lat' dir='ltr'><strong>der</strong></span> <span class='ocrx_word' id='word_1_216' title='bbox 171 2229 413 2281; x_wconf 87' lang='lat' dir='ltr'><strong>handschriitiichen</strong></span> <span class='ocrx_word' id='word_1_217' title='bbox 425 2227 602 2280; x_wconf 89' lang='lat' dir='ltr'><strong>Uberiieiemn</strong></span> <span class='ocrx_word' id='word_1_218' title='bbox 673 2227 730 2280; x_wconf 81' lang='lat' dir='ltr'><strong>dein</strong></span> <span class='ocrx_word' id='word_1_219' title='bbox 749 2227 924 2294; x_wconf 79' lang='lat' dir='ltr'><strong>griechischen</strong></span> <span class='ocrx_word' id='word_1_220' title='bbox 943 2227 1030 2280; x_wconf 90' lang='lat' dir='ltr'><strong>Worte</strong></span> <span class='ocrx_word' id='word_1_221' title='bbox 1049 2223 1183 2281; x_wconf 78' lang='grc' dir='ltr'><strong><em>σκότισον.</em></strong></span> 
     </span>
     <span class='ocr_line' id='line_1_25' title="bbox 108 2294 1183 2362; baseline -0.002 -13"><span class='ocrx_word' id='word_1_222' title='bbox 108 2299 167 2349; x_wconf 89' lang='lat' dir='ltr'><strong>sehr</strong></span> <span class='ocrx_word' id='word_1_223' title='bbox 184 2298 263 2358; x_wconf 79' lang='lat' dir='ltr'><strong>nahe,</strong></span> <span class='ocrx_word' id='word_1_224' title='bbox 282 2296 351 2347; x_wconf 84' lang='lat' dir='ltr'><strong>kann</strong></span> <span class='ocrx_word' id='word_1_225' title='bbox 369 2311 409 2362; x_wconf 89' lang='lat' dir='ltr'><strong>cs,</strong></span> <span class='ocrx_word' id='word_1_226' title='bbox 434 2297 485 2348; x_wconf 88' lang='lat' dir='ltr'><strong>wie</strong></span> <span class='ocrx_word' id='word_1_227' title='bbox 502 2297 553 2348; x_wconf 85' lang='lat' dir='ltr'><strong>Gic.</strong></span> <span class='ocrx_word' id='word_1_228' title='bbox 573 2294 593 2347; x_wconf 91' lang='lat'>0</span> <span class='ocrx_word' id='word_1_229' title='bbox 614 2336 620 2349; x_wconf 93' lang='lat'>.</span> <span class='ocrx_word' id='word_1_230' title='bbox 706 2301 747 2349; x_wconf 82' lang='lat'><strong>40.</strong></span> <span class='ocrx_word' id='word_1_231' title='bbox 766 2299 814 2361; x_wconf 85' lang='lat' dir='ltr'><strong>qui</strong></span> <span class='ocrx_word' id='word_1_232' title='bbox 831 2301 986 2347; x_wconf 80' lang='lat' dir='ltr'><strong>uetustatem</strong></span> <span class='ocrx_word' id='word_1_233' title='bbox 1006 2297 1183 2362; x_wconf 73' lang='lat' dir='ltr'><strong>perculerunt,</strong></span> 
     </span>
     <span class='ocr_line' id='line_1_26' title="bbox 107 2363 1184 2430; baseline -0.001 -14"><span class='ocrx_word' id='word_1_234' title='bbox 107 2365 126 2429; x_wconf 88' lang='lat' dir='ltr'><strong>i,</strong></span> <span class='ocrx_word' id='word_1_235' title='bbox 144 2368 185 2428; x_wconf 85' lang='grc'><strong>49,</strong></span> <span class='ocrx_word' id='word_1_236' title='bbox 204 2367 228 2427; x_wconf 77' lang='lat' dir='ltr'><strong>i,</strong></span> <span class='ocrx_word' id='word_1_237' title='bbox 247 2366 404 2430; x_wconf 78' lang='lat' dir='ltr'><strong>quibuscum</strong></span> <span class='ocrx_word' id='word_1_238' title='bbox 425 2367 553 2428; x_wconf 77' lang='lat' dir='ltr'><strong>uiuimus,</strong></span> <span class='ocrx_word' id='word_1_239' title='bbox 580 2363 621 2415; x_wconf 91' lang='lat' dir='ltr'><strong>die</strong></span> <span class='ocrx_word' id='word_1_240' title='bbox 671 2364 838 2416; x_wconf 87' lang='lat' dir='ltr'><strong>verschieden</strong></span> <span class='ocrx_word' id='word_1_241' title='bbox 856 2379 907 2415; x_wconf 87' lang='lat' dir='ltr'><strong>von</strong></span> <span class='ocrx_word' id='word_1_242' title='bbox 925 2365 982 2415; x_wconf 89' lang='lat' dir='ltr'><strong>dem</strong></span> <span class='ocrx_word' id='word_1_243' title='bbox 1007 2365 1068 2415; x_wconf 85' lang='lat' dir='ltr'><strong>bald</strong></span> <span class='ocrx_word' id='word_1_244' title='bbox 1086 2365 1184 2430; x_wconf 79' lang='lat' dir='ltr'><strong>folgen-</strong></span> 
     </span>
     <span class='ocr_line' id='line_1_27' title="bbox 109 2432 1182 2498; baseline -0.002 -14"><span class='ocrx_word' id='word_1_245' title='bbox 109 2433 292 2498; x_wconf 77' lang='lat' dir='ltr'><strong>Zeitgenossen</strong></span> <span class='ocrx_word' id='word_1_246' title='bbox 304 2432 338 2482; x_wconf 91' lang='lat' dir='ltr'><strong>im</strong></span> <span class='ocrx_word' id='word_1_247' title='bbox 352 2446 462 2496; x_wconf 79' lang='lat' dir='ltr'><strong>engeren</strong></span> <span class='ocrx_word' id='word_1_248' title='bbox 476 2432 562 2496; x_wconf 82' lang='lat' dir='ltr'><strong>Since,</strong></span> <span class='ocrx_word' id='word_1_249' title='bbox 575 2433 622 2483; x_wconf 90' lang='lat' dir='ltr'><strong>mit</strong></span> <span class='ocrx_word' id='word_1_250' title='bbox 672 2432 722 2483; x_wconf 89' lang='lat' dir='ltr'><strong>den</strong></span> <span class='ocrx_word' id='word_1_251' title='bbox 733 2435 915 2492; x_wconf 72' lang='lat' dir='ltr'><strong>uetustissimi,</strong></span> <span class='ocrx_word' id='word_1_252' title='bbox 930 2433 1042 2484; x_wconf 89' lang='lat' dir='ltr'><strong>insciern</strong></span> <span class='ocrx_word' id='word_1_253' title='bbox 1056 2432 1096 2483; x_wconf 91' lang='lat' dir='ltr'><strong>die</strong></span> <span class='ocrx_word' id='word_1_254' title='bbox 1109 2434 1182 2484; x_wconf 90' lang='lat' dir='ltr'><strong>einen</strong></span> 
     </span>
     <span class='ocr_line' id='line_1_28' title="bbox 109 2498 1183 2566; baseline 0 -15"><span class='ocrx_word' id='word_1_255' title='bbox 109 2499 191 2551; x_wconf 92' lang='lat' dir='ltr'><strong>denen</strong></span> <span class='ocrx_word' id='word_1_256' title='bbox 214 2514 272 2550; x_wconf 85' lang='lat' dir='ltr'><strong>man</strong></span> <span class='ocrx_word' id='word_1_257' title='bbox 294 2498 415 2550; x_wconf 85' lang='lat' dir='ltr'><strong>verhehrt</strong></span> <span class='ocrx_word' id='word_1_258' title='bbox 439 2501 491 2551; x_wconf 92' lang='lat' dir='ltr'><strong>und</strong></span> <span class='ocrx_word' id='word_1_259' title='bbox 508 2499 621 2566; x_wconf 76' lang='lat' dir='ltr'><strong>angoht,</strong></span> <span class='ocrx_word' id='word_1_260' title='bbox 672 2500 738 2551; x_wconf 92' lang='lat' dir='ltr'><strong>noch</strong></span> <span class='ocrx_word' id='word_1_261' title='bbox 757 2499 860 2565; x_wconf 79' lang='lat' dir='ltr'><strong>gelesen</strong></span> <span class='ocrx_word' id='word_1_262' title='bbox 880 2498 995 2564; x_wconf 89' lang='lat' dir='ltr'><strong>werden,</strong></span> <span class='ocrx_word' id='word_1_263' title='bbox 1013 2500 1054 2551; x_wconf 93' lang='lat' dir='ltr'><strong>die</strong></span> <span class='ocrx_word' id='word_1_264' title='bbox 1072 2499 1183 2551; x_wconf 83' lang='lat' dir='ltr'><strong>anderen</strong></span> 
     </span>
     <span class='ocr_line' id='line_1_29' title="bbox 108 2565 751 2633; baseline -0.002 -14"><span class='ocrx_word' id='word_1_265' title='bbox 108 2567 278 2629; x_wconf 89' lang='lat' dir='ltr'><strong>bezeichnen,</strong></span> <span class='ocrx_word' id='word_1_266' title='bbox 312 2568 347 2617; x_wconf 90' lang='lat' dir='ltr'><strong>im</strong></span> <span class='ocrx_word' id='word_1_267' title='bbox 379 2565 538 2633; x_wconf 77' lang='lat' dir='ltr'><strong>Gegensatze</strong></span> <span class='ocrx_word' id='word_1_268' title='bbox 569 2583 620 2619; x_wconf 85' lang='lat' dir='ltr'><strong>ron</strong></span> <span class='ocrx_word' id='word_1_269' title='bbox 673 2567 751 2618; x_wconf 89' lang='lat' dir='ltr'><strong>nicht.</strong></span> 
     </span>
     <span class='ocr_line' id='line_1_30' title="bbox 109 2633 1183 2701; baseline -0.002 -14"><span class='ocrx_word' id='word_1_270' title='bbox 109 2652 176 2701; x_wconf 78' lang='lat' dir='ltr'><strong>quos</strong></span> <span class='ocrx_word' id='word_1_271' title='bbox 193 2636 306 2685; x_wconf 83' lang='lat' dir='ltr'><strong>uiderim</strong></span> <span class='ocrx_word' id='word_1_272' title='bbox 325 2634 341 2701; x_wconf 64' lang='grc' dir='ltr'><strong>ξ</strong></span> <span class='ocrx_word' id='word_1_273' title='bbox 358 2637 398 2686; x_wconf 82' lang='grc'><strong>98.</strong></span> <span class='ocrx_word' id='word_1_274' title='bbox 414 2637 475 2693; x_wconf 80' lang='grc'>118;</span> <span class='ocrx_word' id='word_1_275' title='bbox 493 2649 619 2701; x_wconf 78' lang='lat' dir='ltr'><strong>wogegen</strong></span> <span class='ocrx_word' id='word_1_276' title='bbox 705 2635 817 2700; x_wconf 80' lang='lat' dir='ltr'><strong>aliquid.</strong></span> <span class='ocrx_word' id='word_1_277' title='bbox 853 2634 898 2685; x_wconf 93' lang='lat' dir='ltr'><strong>Bei</strong></span> <span class='ocrx_word' id='word_1_278' title='bbox 923 2633 1108 2695; x_wconf 87' lang='lat' dir='ltr'><strong>Redensarten,</strong></span> <span class='ocrx_word' id='word_1_279' title='bbox 1134 2634 1183 2685; x_wconf 87' lang='lat' dir='ltr'><strong>wie</strong></span> 
     </span>
     <span class='ocr_line' id='line_1_31' title="bbox 109 2701 1185 2769; baseline -0.002 -14"><span class='ocrx_word' id='word_1_280' title='bbox 109 2707 206 2755; x_wconf 81' lang='lat' dir='ltr'><strong>aetatis</strong></span> <span class='ocrx_word' id='word_1_281' title='bbox 222 2701 346 2754; x_wconf 78' lang='lat' dir='ltr'><strong>suardio</strong></span> <span class='ocrx_word' id='word_1_282' title='bbox 372 2717 452 2767; x_wconf 79' lang='lat' dir='ltr'><strong>ganne</strong></span> <span class='ocrx_word' id='word_1_283' title='bbox 470 2704 621 2755; x_wconf 87' lang='lat' dir='ltr'><strong>Lebenszeit</strong></span> <span class='ocrx_word' id='word_1_284' title='bbox 649 2702 777 2769; x_wconf 65' lang='lat' dir='ltr'><strong>‘aliquid</strong></span> <span class='ocrx_word' id='word_1_285' title='bbox 799 2702 920 2766; x_wconf 79' lang='lat' dir='ltr'><strong>adferre,</strong></span> <span class='ocrx_word' id='word_1_286' title='bbox 943 2701 1077 2766; x_wconf 78' lang='lat' dir='ltr'><strong>conferre,</strong></span> <span class='ocrx_word' id='word_1_287' title='bbox 1102 2701 1185 2767; x_wconf 86' lang='lat' dir='ltr'><strong>profi-</strong></span> 
     </span>
     <span class='ocr_line' id='line_1_32' title="bbox 106 2769 1183 2837; baseline -0.003 -14"><span class='ocrx_word' id='word_1_288' title='bbox 106 2771 266 2824; x_wconf 87' lang='lat' dir='ltr'><strong>bezeichnet.</strong></span> <span class='ocrx_word' id='word_1_289' title='bbox 296 2770 354 2837; x_wconf 78' lang='lat' dir='ltr'><strong>Vgi.</strong></span> <span class='ocrx_word' id='word_1_290' title='bbox 365 2770 416 2822; x_wconf 89' lang='lat' dir='ltr'><strong>Gic.</strong></span> <span class='ocrx_word' id='word_1_291' title='bbox 426 2770 496 2823; x_wconf 89' lang='lat' dir='ltr'><strong>Brut.</strong></span> <span class='ocrx_word' id='word_1_292' title='bbox 506 2773 620 2836; x_wconf 62' lang='lat' dir='ltr'><strong>umbi:</strong></span> <span class='ocrx_word' id='word_1_293' title='bbox 672 2787 744 2834; x_wconf 81' lang='lat' dir='ltr'><strong>ccrc,</strong></span> <span class='ocrx_word' id='word_1_294' title='bbox 761 2774 897 2821; x_wconf 80' lang='lat' dir='ltr'><strong>remittere</strong></span> <span class='ocrx_word' id='word_1_295' title='bbox 913 2769 1047 2821; x_wconf 86' lang='lat' dir='ltr'><strong>verbindet</strong></span> <span class='ocrx_word' id='word_1_296' title='bbox 1065 2770 1120 2821; x_wconf 90' lang='lat' dir='ltr'><strong>sich</strong></span> <span class='ocrx_word' id='word_1_297' title='bbox 1138 2769 1183 2820; x_wconf 81' lang='lat' dir='ltr'><strong>des</strong></span> 
     </span>
     <span class='ocr_line' id='line_1_33' title="bbox 108 2837 1183 2906; baseline -0.002 -16"><span class='ocrx_word' id='word_1_298' title='bbox 108 2842 235 2906; x_wconf 82' lang='lat' dir='ltr'><strong>quoniam</strong></span> <span class='ocrx_word' id='word_1_299' title='bbox 258 2842 288 2888; x_wconf 87' lang='lat' dir='ltr'><strong>iu</strong></span> <span class='ocrx_word' id='word_1_300' title='bbox 311 2840 361 2889; x_wconf 82' lang='lat' dir='ltr'><strong>boc</strong></span> <span class='ocrx_word' id='word_1_301' title='bbox 385 2855 506 2890; x_wconf 72' lang='lat' dir='ltr'><strong>sermone</strong></span> <span class='ocrx_word' id='word_1_302' title='bbox 529 2843 620 2889; x_wconf 77' lang='lat' dir='ltr'><strong>nostro</strong></span> <span class='ocrx_word' id='word_1_303' title='bbox 671 2838 816 2890; x_wconf 87' lang='lat' dir='ltr'><strong>Pronomen</strong></span> <span class='ocrx_word' id='word_1_304' title='bbox 840 2838 891 2889; x_wconf 90' lang='lat' dir='ltr'><strong>und</strong></span> <span class='ocrx_word' id='word_1_305' title='bbox 910 2837 1021 2889; x_wconf 87' lang='lat' dir='ltr'><strong>Verbum</strong></span> <span class='ocrx_word' id='word_1_306' title='bbox 1045 2853 1076 2889; x_wconf 82' lang='lat' dir='ltr'><strong>zu</strong></span> <span class='ocrx_word' id='word_1_307' title='bbox 1101 2839 1183 2889; x_wconf 89' lang='lat' dir='ltr'><strong>einern</strong></span> 
     </span>
     <span class='ocr_line' id='line_1_34' title="bbox 109 2904 1184 2972; baseline -0.002 -15"><span class='ocrx_word' id='word_1_308' title='bbox 109 2909 193 2957; x_wconf 63' lang='lat' dir='ltr'><strong>mutui</strong></span> <span class='ocrx_word' id='word_1_309' title='bbox 214 2909 345 2956; x_wconf 69' lang='lat' dir='ltr'><strong>uanduem</strong></span> <span class='ocrx_word' id='word_1_310' title='bbox 367 2922 473 2971; x_wconf 86' lang='lat' dir='ltr'><strong>corum,</strong></span> <span class='ocrx_word' id='word_1_311' title='bbox 496 2910 552 2972; x_wconf 86' lang='lat' dir='ltr'><strong>qui</strong></span> <span class='ocrx_word' id='word_1_312' title='bbox 574 2910 622 2957; x_wconf 88' lang='lat' dir='ltr'><strong>ui·</strong></span> <span class='ocrx_word' id='word_1_313' title='bbox 673 2906 790 2971; x_wconf 83' lang='lat' dir='ltr'><strong>einzigen</strong></span> <span class='ocrx_word' id='word_1_314' title='bbox 809 2905 906 2971; x_wconf 76' lang='lat' dir='ltr'><strong>Begriii</strong></span> <span class='ocrx_word' id='word_1_315' title='bbox 925 2905 976 2956; x_wconf 93' lang='lat' dir='ltr'><strong>und</strong></span> <span class='ocrx_word' id='word_1_316' title='bbox 994 2906 1074 2957; x_wconf 89' lang='lat' dir='ltr'><strong>bleibt</strong></span> <span class='ocrx_word' id='word_1_317' title='bbox 1096 2904 1184 2956; x_wconf 84' lang='lat' dir='ltr'><strong>darum</strong></span> 
     </span>
     <span class='ocr_line' id='line_1_35' title="bbox 109 2972 1183 3038; baseline 0 -16"><span class='ocrx_word' id='word_1_318' title='bbox 109 2978 241 3037; x_wconf 81' lang='lat' dir='ltr'><strong>vereret,</strong></span> <span class='ocrx_word' id='word_1_319' title='bbox 258 2976 405 3024; x_wconf 78' lang='lat' dir='ltr'><strong>nominare.</strong></span> <span class='ocrx_word' id='word_1_320' title='bbox 673 2973 740 3024; x_wconf 80' lang='lat' dir='ltr'><strong>anch</strong></span> <span class='ocrx_word' id='word_1_321' title='bbox 764 2973 789 3023; x_wconf 92' lang='lat' dir='ltr'><strong>in</strong></span> <span class='ocrx_word' id='word_1_322' title='bbox 812 2975 949 3038; x_wconf 79' lang='lat' dir='ltr'><strong>negativen</strong></span> <span class='ocrx_word' id='word_1_323' title='bbox 974 2972 1068 3025; x_wconf 79' lang='lat' dir='ltr'><strong>Sitzen</strong></span> <span class='ocrx_word' id='word_1_324' title='bbox 1092 2987 1183 3024; x_wconf 87' lang='lat' dir='ltr'><strong>unver-</strong></span> 
     </span>
    </p>

    <p class='ocr_par' dir='ltr' id='par_1_5' title="bbox 145 3039 769 3104">
     <span class='ocr_line' id='line_1_36' title="bbox 145 3039 769 3104; baseline 0.002 -13"><span class='ocrx_word' id='word_1_325' title='bbox 145 3039 257 3091; x_wconf 78' lang='lat' dir='ltr'><strong>Caceara</strong></span> <span class='ocrx_word' id='word_1_326' title='bbox 279 3043 359 3104; x_wconf 82' lang='lat' dir='ltr'><strong>atquc</strong></span> <span class='ocrx_word' id='word_1_327' title='bbox 378 3040 515 3092; x_wconf 80' lang='lat' dir='ltr'><strong>Marcello.</strong></span> <span class='ocrx_word' id='word_1_328' title='bbox 550 3040 622 3094; x_wconf 85' lang='lat' dir='ltr'><strong>Brut.</strong></span> <span class='ocrx_word' id='word_1_329' title='bbox 673 3041 769 3092; x_wconf 76' lang='lat' dir='ltr'><strong>inderi.</strong></span> 
     </span>
    </p>

    <p class='ocr_par' dir='ltr' id='par_1_6' title="bbox 109 3108 1184 3172">
     <span class='ocr_line' id='line_1_37' title="bbox 109 3108 1184 3172; baseline -0.004 -13"><span class='ocrx_word' id='word_1_330' title='bbox 109 3111 123 3159; x_wconf 79' lang='lat' dir='ltr'><strong>&#39;i</strong></span> <span class='ocrx_word' id='word_1_331' title='bbox 129 3110 150 3172; x_wconf 84' lang='lat'><strong>1,</strong></span> <span class='ocrx_word' id='word_1_332' title='bbox 169 3109 296 3160; x_wconf 73' lang='lat' dir='ltr'><strong>utu—ii.</strong></span> <span class='ocrx_word' id='word_1_333' title='bbox 708 3111 748 3160; x_wconf 81' lang='grc'><strong>41.</strong></span> <span class='ocrx_word' id='word_1_334' title='bbox 766 3108 850 3158; x_wconf 85' lang='lat' dir='ltr'><strong>mulio</strong></span> <span class='ocrx_word' id='word_1_335' title='bbox 869 3108 952 3172; x_wconf 73' lang='lat' dir='ltr'><strong>obrid,</strong></span> <span class='ocrx_word' id='word_1_336' title='bbox 970 3109 1065 3160; x_wconf 91' lang='lat' dir='ltr'><strong>ebenso</strong></span> <span class='ocrx_word' id='word_1_337' title='bbox 1084 3110 1184 3172; x_wconf 81' lang='lat' dir='ltr'><strong>quanto</strong></span> 
     </span>
    </p>

    <p class='ocr_par' dir='ltr' id='par_1_7' title="bbox 143 3174 841 3242">
     <span class='ocr_line' id='line_1_38' title="bbox 143 3174 841 3242; baseline 0.001 -17"><span class='ocrx_word' id='word_1_338' title='bbox 143 3177 204 3240; x_wconf 83' lang='lat' dir='ltr'><strong>quia</strong></span> <span class='ocrx_word' id='word_1_339' title='bbox 211 3174 623 3242; x_wconf 78' lang='lat' dir='ltr'><strong>critmodus,vgl.§50,iiiiendi·</strong></span> <span class='ocrx_word' id='word_1_340' title='bbox 673 3177 750 3226; x_wconf 82' lang='lat' dir='ltr'><strong>aliud</strong></span> <span class='ocrx_word' id='word_1_341' title='bbox 767 3178 782 3240; x_wconf 58' lang='grc' dir='ltr'>ᾗ</span> <span class='ocrx_word' id='word_1_342' title='bbox 800 3178 841 3227; x_wconf 78' lang='lat'><strong>53.</strong></span> 
     </span>
    </p>

    <p class='ocr_par' dir='ltr' id='par_1_8' title="bbox 109 3241 1183 3310">
     <span class='ocr_line' id='line_1_39' title="bbox 109 3241 1183 3310; baseline -0.005 -15"><span class='ocrx_word' id='word_1_343' title='bbox 109 3241 235 3310; x_wconf 80' lang='lat' dir='ltr'><strong>Seyfferts</strong></span> <span class='ocrx_word' id='word_1_344' title='bbox 253 3241 363 3294; x_wconf 80' lang='lat' dir='ltr'><strong>Grnmm.</strong></span> <span class='ocrx_word' id='word_1_345' title='bbox 382 3242 399 3309; x_wconf 67' lang='grc' dir='ltr'><strong>ς</strong></span> <span class='ocrx_word' id='word_1_346' title='bbox 417 3245 477 3295; x_wconf 78' lang='lat'><strong>228.</strong></span> <span class='ocrx_word' id='word_1_347' title='bbox 707 3245 739 3294; x_wconf 87' lang='lat' dir='ltr'><strong>dc</strong></span> <span class='ocrx_word' id='word_1_348' title='bbox 756 3246 848 3308; x_wconf 77' lang='lat' dir='ltr'><strong>nouis,</strong></span> <span class='ocrx_word' id='word_1_349' title='bbox 866 3244 900 3293; x_wconf 90' lang='lat' dir='ltr'><strong>im</strong></span> <span class='ocrx_word' id='word_1_350' title='bbox 919 3241 1077 3307; x_wconf 78' lang='lat' dir='ltr'><strong>Gegensntze</strong></span> <span class='ocrx_word' id='word_1_351' title='bbox 1101 3253 1183 3305; x_wconf 80' lang='lat' dir='ltr'><strong>gegen</strong></span> 
     </span>
    </p>

    <p class='ocr_par' dir='ltr' id='par_1_9' title="bbox 106 3307 1188 3986">
     <span class='ocr_line' id='line_1_40' title="bbox 143 3307 1184 3375; baseline -0.006 -12"><span class='ocrx_word' id='word_1_352' title='bbox 143 3313 183 3364; x_wconf 79' lang='lat'><strong>39.</strong></span> <span class='ocrx_word' id='word_1_353' title='bbox 197 3311 272 3375; x_wconf 85' lang='lat' dir='ltr'><strong>apud</strong></span> <span class='ocrx_word' id='word_1_354' title='bbox 279 3309 394 3360; x_wconf 84' lang='lat' dir='ltr'><strong>Liuium.</strong></span> <span class='ocrx_word' id='word_1_355' title='bbox 417 3309 480 3361; x_wconf 84' lang='lat' dir='ltr'><strong>Eine</strong></span> <span class='ocrx_word' id='word_1_356' title='bbox 491 3326 539 3362; x_wconf 91' lang='lat' dir='ltr'><strong>uns</strong></span> <span class='ocrx_word' id='word_1_357' title='bbox 552 3310 622 3362; x_wconf 90' lang='lat' dir='ltr'><strong>nicht</strong></span> <span class='ocrx_word' id='word_1_358' title='bbox 674 3312 714 3363; x_wconf 92' lang='lat' dir='ltr'><strong>die</strong></span> <span class='ocrx_word' id='word_1_359' title='bbox 731 3311 807 3363; x_wconf 77' lang='lat' dir='ltr'><strong>hiten</strong></span> <span class='ocrx_word' id='word_1_360' title='bbox 825 3327 872 3362; x_wconf 86' lang='lat' dir='ltr'><strong>vor</strong></span> <span class='ocrx_word' id='word_1_361' title='bbox 885 3310 972 3361; x_wconf 89' lang='lat' dir='ltr'><strong>Gicero</strong></span> <span class='ocrx_word' id='word_1_362' title='bbox 991 3308 1042 3359; x_wconf 92' lang='lat' dir='ltr'><strong>und</strong></span> <span class='ocrx_word' id='word_1_363' title='bbox 1061 3308 1125 3358; x_wconf 88' lang='lat' dir='ltr'><strong>auch</strong></span> <span class='ocrx_word' id='word_1_364' title='bbox 1144 3307 1184 3358; x_wconf 88' lang='lat' dir='ltr'><strong>die</strong></span> 
     </span>
     <span class='ocr_line' id='line_1_41' title="bbox 108 3374 1185 3446; baseline -0.006 -15"><span class='ocrx_word' id='word_1_365' title='bbox 108 3378 180 3431; x_wconf 90' lang='lat' dir='ltr'><strong>mehr</strong></span> <span class='ocrx_word' id='word_1_366' title='bbox 198 3379 329 3430; x_wconf 85' lang='lat' dir='ltr'><strong>erhnitene</strong></span> <span class='ocrx_word' id='word_1_367' title='bbox 346 3379 504 3430; x_wconf 88' lang='lat' dir='ltr'><strong>rhetorische</strong></span> <span class='ocrx_word' id='word_1_368' title='bbox 519 3379 622 3430; x_wconf 78' lang='lat' dir='ltr'><strong>Anwei·</strong></span> <span class='ocrx_word' id='word_1_369' title='bbox 673 3379 855 3446; x_wconf 78' lang='lat' dir='ltr'><strong>Zeitgenossen</strong></span> <span class='ocrx_word' id='word_1_370' title='bbox 874 3379 975 3429; x_wconf 80' lang='lat' dir='ltr'><strong>Ciceros</strong></span> <span class='ocrx_word' id='word_1_371' title='bbox 993 3375 1085 3435; x_wconf 87' lang='lat' dir='ltr'><strong>seibst;</strong></span> <span class='ocrx_word' id='word_1_372' title='bbox 1109 3390 1139 3426; x_wconf 90' lang='lat' dir='ltr'><strong>so</strong></span> <span class='ocrx_word' id='word_1_373' title='bbox 1156 3374 1185 3438; x_wconf 84' lang='grc' dir='ltr'><strong>ΙΙ,</strong></span> 
     </span>
     <span class='ocr_line' id='line_1_42' title="bbox 109 3443 1186 3512; baseline -0.007 -13"><span class='ocrx_word' id='word_1_374' title='bbox 109 3462 188 3512; x_wconf 79' lang='lat' dir='ltr'><strong>sung,</strong></span> <span class='ocrx_word' id='word_1_375' title='bbox 211 3447 279 3498; x_wconf 90' lang='lat' dir='ltr'><strong>ohne</strong></span> <span class='ocrx_word' id='word_1_376' title='bbox 297 3446 403 3498; x_wconf 86' lang='lat' dir='ltr'><strong>Zweiiei</strong></span> <span class='ocrx_word' id='word_1_377' title='bbox 425 3461 476 3497; x_wconf 87' lang='lat' dir='ltr'><strong>von</strong></span> <span class='ocrx_word' id='word_1_378' title='bbox 500 3447 557 3498; x_wconf 88' lang='lat' dir='ltr'><strong>dem</strong></span> <span class='ocrx_word' id='word_1_379' title='bbox 577 3448 622 3497; x_wconf 90' lang='lat' dir='ltr'><strong>be·</strong></span> <span class='ocrx_word' id='word_1_380' title='bbox 674 3453 697 3512; x_wconf 77' lang='lat' dir='ltr'><strong>i,</strong></span> <span class='ocrx_word' id='word_1_381' title='bbox 716 3449 761 3500; x_wconf 79' lang='lat'><strong>23:</strong></span> <span class='ocrx_word' id='word_1_382' title='bbox 789 3449 951 3511; x_wconf 73' lang='lat' dir='ltr'><strong>critiquos</strong></span> <span class='ocrx_word' id='word_1_383' title='bbox 973 3450 1004 3493; x_wconf 89' lang='lat' dir='ltr'><strong>et</strong></span> <span class='ocrx_word' id='word_1_384' title='bbox 1024 3459 1127 3494; x_wconf 77' lang='lat' dir='ltr'><strong>novos</strong></span> <span class='ocrx_word' id='word_1_385' title='bbox 1152 3443 1186 3492; x_wconf 85' lang='lat' dir='ltr'><strong>le·</strong></span> 
     </span>
     <span class='ocr_line' id='line_1_43' title="bbox 107 3513 1185 3580; baseline -0.007 -13"><span class='ocrx_word' id='word_1_386' title='bbox 107 3515 226 3567; x_wconf 77' lang='lat' dir='ltr'><strong>rithmten</strong></span> <span class='ocrx_word' id='word_1_387' title='bbox 240 3513 382 3565; x_wconf 85' lang='lat' dir='ltr'><strong>Historiker</strong></span> <span class='ocrx_word' id='word_1_388' title='bbox 400 3514 484 3565; x_wconf 85' lang='lat' dir='ltr'><strong>dieses</strong></span> <span class='ocrx_word' id='word_1_389' title='bbox 500 3514 621 3567; x_wconf 85' lang='lat' dir='ltr'><strong>Namens.</strong></span> <span class='ocrx_word' id='word_1_390' title='bbox 670 3531 743 3580; x_wconf 81' lang='lat' dir='ltr'><strong>gere.</strong></span> <span class='ocrx_word' id='word_1_391' title='bbox 770 3514 800 3576; x_wconf 87' lang='lat' dir='ltr'><strong>V,</strong></span> <span class='ocrx_word' id='word_1_392' title='bbox 812 3519 836 3576; x_wconf 83' lang='lat'><strong>4,</strong></span> <span class='ocrx_word' id='word_1_393' title='bbox 848 3518 874 3566; x_wconf 84' lang='lat'><strong>1:</strong></span> <span class='ocrx_word' id='word_1_394' title='bbox 888 3514 1024 3576; x_wconf 80' lang='lat' dir='ltr'><strong>orqtiouec</strong></span> <span class='ocrx_word' id='word_1_395' title='bbox 1035 3515 1185 3561; x_wconf 83' lang='lat' dir='ltr'><strong>ueterum</strong></span> 
     </span>
     <span class='ocr_line' id='line_1_44' title="bbox 108 3575 1187 3645; baseline -0.003 -13"><span class='ocrx_word' id='word_1_396' title='bbox 108 3581 231 3634; x_wconf 79' lang='lat' dir='ltr'><strong>Erwihni</strong></span> <span class='ocrx_word' id='word_1_397' title='bbox 255 3582 318 3632; x_wconf 87' lang='lat' dir='ltr'><strong>wird</strong></span> <span class='ocrx_word' id='word_1_398' title='bbox 340 3583 378 3632; x_wconf 90' lang='lat' dir='ltr'><strong>sie</strong></span> <span class='ocrx_word' id='word_1_399' title='bbox 402 3583 466 3633; x_wconf 89' lang='lat' dir='ltr'><strong>anch</strong></span> <span class='ocrx_word' id='word_1_400' title='bbox 491 3581 518 3644; x_wconf 86' lang='lat' dir='ltr'><strong>li,</strong></span> <span class='ocrx_word' id='word_1_401' title='bbox 545 3587 568 3645; x_wconf 84' lang='lat'><strong>5,</strong></span> <span class='ocrx_word' id='word_1_402' title='bbox 587 3584 620 3635; x_wconf 83' lang='lat'><strong>20</strong></span> <span class='ocrx_word' id='word_1_403' title='bbox 672 3599 704 3634; x_wconf 87' lang='lat' dir='ltr'><strong>ac</strong></span> <span class='ocrx_word' id='word_1_404' title='bbox 721 3596 887 3634; x_wconf 83' lang='lat' dir='ltr'><strong>nouorum.</strong></span> <span class='ocrx_word' id='word_1_405' title='bbox 923 3579 991 3631; x_wconf 90' lang='lat' dir='ltr'><strong>Uber</strong></span> <span class='ocrx_word' id='word_1_406' title='bbox 1009 3575 1187 3644; x_wconf 77' lang='lat' dir='ltr'><strong>dieBegriiis-</strong></span> 
     </span>
     <span class='ocr_line' id='line_1_45' title="bbox 110 3646 1186 3714; baseline -0.005 -13"><span class='ocrx_word' id='word_1_407' title='bbox 110 3650 201 3701; x_wconf 83' lang='lat' dir='ltr'><strong>Oiccro</strong></span> <span class='ocrx_word' id='word_1_408' title='bbox 220 3679 252 3686; x_wconf 87' lang='lat'>-</span> <span class='ocrx_word' id='word_1_409' title='bbox 271 3654 297 3698; x_wconf 85' lang='lat' dir='ltr'><strong>et</strong></span> <span class='ocrx_word' id='word_1_410' title='bbox 314 3651 448 3700; x_wconf 77' lang='lat' dir='ltr'><strong>iucundus</strong></span> <span class='ocrx_word' id='word_1_411' title='bbox 469 3653 621 3714; x_wconf 82' lang='lat' dir='ltr'><strong>incipienti·</strong></span> <span class='ocrx_word' id='word_1_412' title='bbox 672 3649 850 3701; x_wconf 87' lang='lat' dir='ltr'><strong>unterschiede</strong></span> <span class='ocrx_word' id='word_1_413' title='bbox 874 3649 926 3714; x_wconf 78' lang='lat' dir='ltr'><strong>vgi.</strong></span> <span class='ocrx_word' id='word_1_414' title='bbox 951 3646 1012 3707; x_wconf 86' lang='lat' dir='ltr'><strong>Vill,</strong></span> <span class='ocrx_word' id='word_1_415' title='bbox 1037 3649 1060 3710; x_wconf 80' lang='grc'><strong>3,</strong></span> <span class='ocrx_word' id='word_1_416' title='bbox 1084 3648 1129 3698; x_wconf 80' lang='lat'><strong>34:</strong></span> <span class='ocrx_word' id='word_1_417' title='bbox 1154 3651 1186 3710; x_wconf 85' lang='lat' dir='ltr'><strong>ot,</strong></span> 
     </span>
     <span class='ocr_line' id='line_1_46' title="bbox 106 3712 1188 3785; baseline -0.006 -16"><span class='ocrx_word' id='word_1_418' title='bbox 106 3721 158 3769; x_wconf 80' lang='lat' dir='ltr'><strong>bur</strong></span> <span class='ocrx_word' id='word_1_419' title='bbox 179 3733 282 3785; x_wconf 85' lang='lat' dir='ltr'><strong>quoque</strong></span> <span class='ocrx_word' id='word_1_420' title='bbox 305 3722 332 3768; x_wconf 84' lang='lat' dir='ltr'><strong>et</strong></span> <span class='ocrx_word' id='word_1_421' title='bbox 353 3722 462 3783; x_wconf 78' lang='lat' dir='ltr'><strong>apertur</strong></span> <span class='ocrx_word' id='word_1_422' title='bbox 485 3722 525 3768; x_wconf 83' lang='lat' dir='ltr'><strong>aet</strong></span> <span class='ocrx_word' id='word_1_423' title='bbox 546 3720 620 3782; x_wconf 78' lang='lat' dir='ltr'><strong>eatis,</strong></span> <span class='ocrx_word' id='word_1_424' title='bbox 673 3732 741 3782; x_wconf 85' lang='lat' dir='ltr'><strong>quac</strong></span> <span class='ocrx_word' id='word_1_425' title='bbox 757 3723 875 3766; x_wconf 83' lang='lat' dir='ltr'><strong>uetera</strong></span> <span class='ocrx_word' id='word_1_426' title='bbox 893 3719 1053 3777; x_wconf 74' lang='lat' dir='ltr'><strong>currerunt,</strong></span> <span class='ocrx_word' id='word_1_427' title='bbox 1074 3712 1188 3774; x_wconf 79' lang='lat' dir='ltr'><strong>suerunt</strong></span> 
     </span>
     <span class='ocr_line' id='line_1_47' title="bbox 108 3782 1186 3852; baseline -0.006 -15"><span class='ocrx_word' id='word_1_428' title='bbox 108 3801 157 3837; x_wconf 82' lang='lat' dir='ltr'><strong>uec</strong></span> <span class='ocrx_word' id='word_1_429' title='bbox 182 3786 309 3852; x_wconf 76' lang='lat' dir='ltr'><strong>prodesse</strong></span> <span class='ocrx_word' id='word_1_430' title='bbox 338 3789 443 3836; x_wconf 82' lang='lat' dir='ltr'><strong>ionium</strong></span> <span class='ocrx_word' id='word_1_431' title='bbox 467 3787 515 3836; x_wconf 84' lang='lat' dir='ltr'><strong>scd</strong></span> <span class='ocrx_word' id='word_1_432' title='bbox 539 3789 621 3835; x_wconf 81' lang='lat' dir='ltr'><strong>eiiam</strong></span> <span class='ocrx_word' id='word_1_433' title='bbox 674 3785 736 3835; x_wconf 89' lang='lat' dir='ltr'><strong>olim</strong></span> <span class='ocrx_word' id='word_1_434' title='bbox 761 3800 846 3835; x_wconf 84' lang='lat' dir='ltr'><strong>noua</strong></span> <span class='ocrx_word' id='word_1_435' title='bbox 871 3788 897 3832; x_wconf 88' lang='lat' dir='ltr'><strong>ct</strong></span> <span class='ocrx_word' id='word_1_436' title='bbox 922 3782 1053 3848; x_wconf 83' lang='lat' dir='ltr'><strong>quaedum</strong></span> <span class='ocrx_word' id='word_1_437' title='bbox 1080 3785 1109 3833; x_wconf 85' lang='lat' dir='ltr'><strong>iu</strong></span> <span class='ocrx_word' id='word_1_438' title='bbox 1134 3798 1186 3832; x_wconf 79' lang='lat' dir='ltr'><strong>ueri</strong></span> 
     </span>
     <span class='ocr_line' id='line_1_48' title="bbox 108 3850 1185 3919; baseline -0.006 -14"><span class='ocrx_word' id='word_1_439' title='bbox 108 3856 198 3905; x_wconf 83' lang='lat' dir='ltr'><strong>umori</strong></span> <span class='ocrx_word' id='word_1_440' title='bbox 205 3857 310 3919; x_wconf 79' lang='lat' dir='ltr'><strong>potosi;</strong></span> <span class='ocrx_word' id='word_1_441' title='bbox 323 3859 387 3918; x_wconf 85' lang='lat' dir='ltr'><strong>ium,</strong></span> <span class='ocrx_word' id='word_1_442' title='bbox 400 3854 621 3919; x_wconf 82' lang='lat' dir='ltr'><strong>quemadmodum</strong></span> <span class='ocrx_word' id='word_1_443' title='bbox 668 3867 800 3918; x_wconf 84' lang='lat' dir='ltr'><strong>perquam</strong></span> <span class='ocrx_word' id='word_1_444' title='bbox 826 3853 993 3909; x_wconf 83' lang='lat' dir='ltr'><strong>receutio;</strong></span> <span class='ocrx_word' id='word_1_445' title='bbox 1018 3850 1083 3902; x_wconf 86' lang='lat' dir='ltr'><strong>cuch</strong></span> <span class='ocrx_word' id='word_1_446' title='bbox 1106 3854 1185 3902; x_wconf 89' lang='lat' dir='ltr'><strong>unten</strong></span> 
     </span>
     <span class='ocr_line' id='line_1_49' title="bbox 108 3919 748 3986; baseline -0.003 -14"><span class='ocrx_word' id='word_1_447' title='bbox 108 3921 203 3972; x_wconf 77' lang='lat' dir='ltr'><strong>Liuius</strong></span> <span class='ocrx_word' id='word_1_448' title='bbox 222 3923 370 3986; x_wconf 83' lang='lat' dir='ltr'><strong>praecipit,</strong></span> <span class='ocrx_word' id='word_1_449' title='bbox 393 3925 424 3970; x_wconf 83' lang='lat' dir='ltr'><strong>ui</strong></span> <span class='ocrx_word' id='word_1_450' title='bbox 442 3924 552 3986; x_wconf 84' lang='lat' dir='ltr'><strong>quisque</strong></span> <span class='ocrx_word' id='word_1_451' title='bbox 570 3920 625 3971; x_wconf 80' lang='lat' dir='ltr'><strong>crit</strong></span> <span class='ocrx_word' id='word_1_452' title='bbox 673 3919 748 3986; x_wconf 73' lang='lat' dir='ltr'><strong>§iu</strong></span> 
     </span>
    </p>
   </div>
   <div class='ocr_carea' id='block_1_4' title="bbox 0 0 1347 4508">
    <p class='ocr_par' dir='ltr' id='par_1_10' title="bbox 0 0 1347 4508">
     <span class='ocr_line' id='line_1_50' title="bbox 0 0 1347 4508; baseline 0 0"><span class='ocrx_word' id='word_1_453' title='bbox 0 0 1347 4508; x_wconf 95' lang='lat' dir='ltr'><strong> </strong></span> 
     </span>
    </p>
   </div>
  </div>
 </body>
</html>
