2684 4508
649 752 759 824 Conon
786 753 810 823 l.

488 902 544 972 DE
573 902 697 974 coeli
723 902 969 976 VERBORUM.
1065 841 1076 860 κ

156 1099 170 1150 1
278 1090 335 1150 Sed
351 1090 423 1149 hacc
440 1089 598 1167 eloqucn'di
613 1099 771 1169 praecepta
796 1091 873 1152 sicut
888 1092 1051 1171 cognitioni
1072 1103 1143 1155 sunt
1162 1115 1266 1159 neces·
1303 1140 1307 1147 ·

193 1175 278 1248 saria,
294 1175 332 1234 ita
349 1193 409 1234 non
426 1173 495 1235 satis
510 1175 545 1234 ad
556 1174 615 1235 vim
631 1175 749 1236 dicendi
760 1175 866 1249 valent,
883 1175 940 1237 nisi
954 1175 1010 1237 illis
1024 1177 1108 1237 firma
1122 1181 1267 1256 quaedam

194 1259 326 1334 facilitas,
342 1277 418 1338 quae
429 1258 507 1338 apud
520 1257 648 1321 Graecos
660 1255 726 1335 ἕξις
739 1260 918 1336 nominatur,
930 1261 1093 1322 accesserit
1119 1262 1163 1321 Ad
1176 1281 1264 1341 quam

194 1346 353 1406 scribendo
370 1344 436 1424 plus
451 1362 488 1403 an
504 1344 630 1422 legendo
646 1363 683 1405 an
699 1345 825 1406 dicendo
842 1347 1027 1420 conseratur,
1049 1345 1145 1407 solere
1161 1350 1265 1426 quaeri

194 1430 271 1490 scio:
285 1430 363 1509 qnod
376 1427 631 1506 essetdiligentius
644 1428 731 1492 nobis
740 1430 977 1505 examinandum,
988 1431 1012 1492 si
1024 1430 1153 1510 qualibet
1162 1451 1265 1494 aarum

158 1524 173 1573 t
193 1532 294 1575 renum
309 1532 465 1592 possemus
480 1531 539 1573 una
555 1532 619 1575 csso
636 1516 779 1576 contenti.
809 1515 920 1576 Verum
935 1517 974 1576 ita
988 1524 1059 1578 sunt
1074 1516 1152 1584 inter
1166 1536 1197 1578 so
1213 1537 1265 1579 co-

195 1615 272 1659 nexa
287 1607 317 1657 et
331 1597 489 1659 indiscreta
504 1599 617 1672 omnia,
641 1607 689 1672 ut,
712 1599 736 1660 si
753 1599 822 1677 quid
839 1618 873 1659 cx
888 1601 935 1661 his
950 1601 1084 1675 deluerit,
1107 1602 1214 1663 frustra
1229 1603 1267 1664 sit

194 1683 223 1742 in
241 1682 346 1742 ceteris
362 1681 535 1743 laboratum.
562 1684 634 1743 Nam
651 1701 748 1762 neque
763 1682 854 1744 solida
867 1693 954 1763 atquc
966 1686 1088 1748 robusta
1099 1687 1188 1749 luerit
1201 1706 1267 1748 nm·

195 1785 282 1845 qnam
299 1766 483 1844 eloquentia,
506 1767 563 1829 nisi
577 1768 670 1829 multo
685 1767 752 1828 stilo
767 1767 845 1827 vires
860 1770 1017 1847 acceperit,
1033 1779 1063 1831 ct
1077 1772 1150 1833 citra
1165 1772 1266 1834 lectio-

194 1851 241 1914 nis
256 1851 423 1928 exemplum
438 1851 523 1912 labor
538 1853 586 1913 illc
602 1858 707 1913 carcns
718 1860 833 1912 rectore
845 1851 986 1912 fluitabit:
1003 1863 1029 1913 et
1044 1856 1095 1933 qui
1110 1858 1192 1931 sciet,
1209 1876 1267 1936 quo

194 1953 329 2014 quaeque
344 1935 404 1996 sint
420 1937 506 1997 modo
522 1937 655 2010 dicenda,
671 1936 727 1997 nisi
741 1946 890 2014 tamqnam
902 1935 937 1996 ‘in
948 1938 1106 2015 procinctu
1121 1951 1267 2020 paratam-

230 2072 252 2120 l.
272 2072 336 2120 liaeo
353 2097 384 2107 -
399 2075 544 2135 praccepta
569 2070 603 2121 ist
626 2070 706 2135 allge—
755 2069 808 2134 vgl.
825 2068 843 2131 1,
863 2071 886 2133 2,
904 2073 919 2121 3
938 2068 991 2120 Sed
1007 2084 1065 2119 mcc
1084 2072 1191 2134 quidem
1212 2090 1270 2124 een-

194 2138 261 2189 mein
280 2138 458 2189 nuverstelien
475 2152 526 2188 von
541 2136 705 2189 denncwei-
757 2139 839 2187 tentia
857 2138 976 2187 iuncta
999 2139 1051 2187 ista
1077 2141 1123 2198 (sc.
1143 2139 1207 2201 ratio
1230 2141 1268 2189 vi-

194 2219 292 2270 sungen
306 2206 339 2255 im
352 2203 541 2266 3.-9.Buche,
561 2218 610 2254 von
623 2203 706 2256 denen
756 2203 832 2255 vendi
857 2204 966 2256 honeste
987 2208 1014 2256 et
1037 2205 1133 2271 optime
1157 2204 1267 2270 dicendi)

195 2271 249 2322 sicli
275 2272 315 2322 die
333 2271 433 2321 Bicher
451 2273 516 2321 3-7
536 2270 582 2321 mit
600 2270 644 2322 der
662 2271 706 2322 Er·
757 2276 837 2338 atque
848 2273 1041 2324 indiscreta
1052 2277 1129 2322 sunt:
1143 2273 1214 2324 nicht
1226 2273 1267 2324 bei

194 2337 301 2404 findnng
318 2338 453 2402 (inventio)
475 2338 527 2390 und
549 2338 707 2406 Anordnnng
759 2339 854 2393 Cicero.

195 2406 350 2474 (dispositio)
363 2406 408 2458 (les
418 2408 592 2459 rhetorischen
603 2406 706 2472 stollas,
790 2409 875 2460 multo
885 2410 957 2473 stilo,
967 2407 990 2460 d.
1001 2410 1017 2459 i.
1027 2408 1112 2459 multa
1120 2409 1269 2474 scribendo,

195 2478 261 2527 8-9
287 2475 333 2526 mit
356 2475 413 2527 dem
440 2476 616 2541 sprachlichen
640 2477 706 2528 Aus—
756 2476 808 2541 vgl.
828 2479 851 2536 6,
871 2481 894 2529 3.
914 2480 937 2541 7,
955 2480 979 2528 4.
998 2481 1021 2528 l.
1050 2477 1100 2529 Cic.
1119 2475 1151 2527 de
1169 2481 1232 2528 orat.
1251 2476 1268 2541 l,

195 2542 274 2595 drnck
292 2544 426 2606 (elocutio)
445 2542 630 2609 beschiltigen.
758 2547 798 2607 33,
814 2547 861 2596 150
873 2545 952 2595 stilus
968 2547 1083 2608 optimus
1095 2549 1121 2593 ct
1129 2549 1268 2608 praestan·

228 2612 339 2659 sicut-
351 2614 390 2661 ita
402 2626 465 2674 non,
478 2625 498 2662 s.
511 2610 613 2664 Einleit.
627 2609 653 2664 S.
666 2615 705 2663 ll.
758 2613 876 2661 tissimus
900 2611 1006 2661 dicendi
1028 2612 1138 2673 effector
1161 2626 1194 2663 oo
1213 2625 1269 2659 ma-

109 2723 128 2746 l
229 2680 379 2741 cognitioni
396 2677 477 2729 bildet
495 2677 543 2729 den
562 2677 705 2744 Gegensatz
755 2681 849 2743 gister.

195 2760 226 2796 nn
247 2747 301 2794 vim
319 2744 438 2809 dicendi,
463 2745 512 2797 wie
529 2745 639 2799 Theorie
664 2762 707 2797 zur
792 2749 871 2809 eitra,
890 2760 910 2797 s.
924 2744 1072 2810 Einleitung
1085 2742 1110 2796 S.
1127 2747 1165 2807 14,
1183 2749 1269 2795 zuerst

195 2811 296 2864 Psonis:
316 2813 417 2864 ihnlich
435 2813 464 2878 ll,
485 2815 550 2876 18‚1
572 2814 636 2866 Onon
653 2818 708 2864 sint
759 2829 788 2866 so
813 2813 854 2864 bei
878 2812 1011 2876 Dichtern‚
1035 2812 1102 2864 donn
1126 2810 1214 2878 hiuiig
1235 2811 1269 2862 im

196 2884 285 2932 autem
302 2885 402 2932 artium
421 2883 492 2933 aliae
500 2884 606 2947 positae
623 2886 652 2933 in
667 2885 709 2932 in·
759 2881 887 2933 silbernen
906 2880 1034 2943 Zeitalter,
1052 2880 1104 2946 vgl.
1124 2884 1148 2943 l,
1166 2883 1189 2930 7.

195 2950 343 3014 spectione,
375 2950 405 3000 id
432 2954 472 3000 est
501 2953 655 3014 cognitione
683 2953 709 2999 et
792 2950 924 3012 fluitabit,
959 2949 1008 3000 wie
1038 2948 1082 3000 (las
1113 2946 1196 3000 Schill
1221 2947 1269 2999 den

197 3020 381 3068 estimatione
398 3033 497 3068 rerum.
543 3037 547 3045 ¹
760 3015 929 3069 Stenermann
952 3017 1024 3083 nitig
1047 3017 1105 3081 hat,
1130 3031 1159 3068 so
1182 3014 1272 3067 bedarl

230 3087 284 3135 vim
301 3084 409 3135 dicandi
425 3083 578 3136 dasReden.
604 3087 645 3135 vis
662 3085 709 3136 mit
761 3084 805 3136 der
821 3084 951 3137 Lernende
975 3085 1020 3138 des
1039 3083 1175 3136 Vorbildes
1198 3087 1271 3148 guter

197 3153 254 3205 dem
278 3152 379 3204 Genitiv
403 3152 449 3204 des
473 3151 641 3204 Gerundiums
665 3153 710 3204 be-'
761 3151 945 3205 Schriltsteller
966 3153 1018 3219 vgl.
1042 3150 1094 3215 vll,
1119 3150 1235 3202 Prooem.
1256 3152 1270 3201 3

197 3222 314 3273 nelchnet
339 3220 387 3272 den
412 3219 639 3272 substantivierten
661 3220 709 3272 Be·
761 3223 849 3271 oratio
871 3236 964 3271 ocrem
988 3223 1039 3270 iao
1056 3221 1156 3269 virtute
1174 3217 1271 3267 tumul·

197 3287 258 3354 griff
272 3288 317 3340 des
335 3287 468 3339 infinitivs.
761 3292 851 3338 tuctur
868 3304 973 3338 neccsse
990 3292 1029 3337 est
1046 3291 1072 3337 et
1088 3289 1146 3336 sinc
1166 3289 1271 3335 rectore

232 3357 392 3422 qualibct-
405 3371 468 3405 una.
497 3354 614 3417 Quilibet
626 3355 708 3406 neben
759 3357 856 3417 fluitet.

196 3440 274 3487 unus,
284 3423 335 3474 wie
344 3422 375 3487 V,
388 3426 426 3484 10,
439 3426 485 3475 lli
499 3423 628 3487 quamdiu
638 3427 709 3489 qui·
794 3425 824 3472 in
837 3425 981 3488 procinctu
994 3425 1075 3484 stare,
1093 3418 1272 3470 militirischer

197 3493 279 3542 libet
296 3505 380 3540 unus
396 3489 570 3556 stipor-fuerit.
597 3490 669 3542 Auch
682 3490 708 3541 in
760 3488 895 3542 Auedruck
917 3505 967 3541 von
995 3487 1042 3540 den
1068 3486 1203 3549 scilinien,
1231 3486 1272 3537 die

196 3557 377 3623 umgekehrter
396 3557 546 3624 Ordnungl
561 3561 624 3621 iifl
645 3574 709 3624 qua·
761 3573 818 3610 zum
837 3557 945 3623 llampie
963 3557 1045 3608 bereit
1065 3554 1186 3615 daslahm
1212 3554 1273 3606 ilin-

196 3640 257 3676 rum
287 3640 335 3674 nos
360 3641 426 3676 una
452 3643 507 3676 rec
537 3627 710 3691 quaelibet
761 3621 1270 3690 lichwiehier,vomliednerllll‚9‚ll

196 3693 268 3743 ninii
276 3695 481 3744 intermittentes
489 3693 629 3759 fatigaret.
647 3693 709 3745 Eine
761 3697 894 3744 centetum
912 3708 1014 3760 semper
1032 3708 1064 3743 cc
1076 3691 1148 3741 volut
1165 3693 1194 3740 in
1207 3706 1272 3756 pro-

197 3760 435 3813 nachciceronieclie
454 3761 629 3828 Verbindnng.
762 3763 985 3825 cincinnatum,
1004 3760 1068 3812 dazu
1086 3758 1138 3825 vgl.
1152 3759 1168 3822 ξ
1182 3761 1213 3811 29
1226 3774 1275 3808 nos

231 3831 267 3880 2„
291 3829 450 3895 indisereta,
476 3825 709 3895 ‘nnzertrennlich‘‚
761 3845 824 3880 vero
843 3833 962 3880 armatos
979 3833 1051 3880 staro
1067 3831 1096 3878 in
1114 3829 1181 3878 acic.
