2684 4508
157 231 199 292 76
533 235 640 288 curor
657 235 688 289 v.
707 238 722 302 s
742 238 850 290 ro-m.

156 409 320 488 acceperit3
336 408 416 487 quod
432 427 494 469 non
510 418 555 471 est
568 408 676 469 infiniti
693 409 802 488 operis,
818 408 843 470 si
853 409 960 470 docere
971 408 1065 469 sciant
1080 416 1112 468 et
1128 407 1248 484 relint;

157 493 398 554 exercitationem
415 511 534 572 quoquc
550 494 693 556 modicam
709 494 800 557 suerit
808 502 996 567 consecutur,
1012 500 1166 554 oratorem
1183 493 1247 556 sibi

157 579 295 658 aliquem,
320 580 400 657 quod
421 581 497 658 apud
520 579 648 640 maiores
667 580 731 641 fleri
746 579 872 653 solebat,
887 578 1004 656 deligat,
1020 596 1110 657 quem
1126 597 1244 658 sequa·

81 727 83 730 ,
157 672 215 738 tur,
232 682 320 743 quem
335 664 481 739 imitetur;
502 662 617 726 iudiciis
637 665 754 726 intersit
776 664 1013 744 quamplurimis
1034 671 1064 723 et
1083 663 1243 726 sitcerta-

106 757 136 808 tt
157 749 255 823 miniS,
280 749 329 810 cui
344 749 517 822 destinatur,
539 750 682 827 frequens
703 757 861 828 spectator.
891 749 967 810 Turn
989 749 1156 810 causassvel
1171 769 1240 812 eas-

158 835 234 909 dem,
257 853 332 913 quas
351 835 397 914 agi
416 834 550 907 audierit,
572 833 638 895 stilo
660 835 774 913 etipse
795 844 965 914 componat,
986 833 1142 895 ueletiam
1164 835 1241 898 alias

157 937 240 981 veras
260 919 348 980 modo
371 929 400 980 et
422 920 570 997 utrimque
592 928 697 980 tractet
719 929 757 992 et,
779 919 858 998 quod
880 920 912 980 in
933 918 1144 998 gladiatoribus
1171 921 1239 982 lieri

157 1005 299 1078 ridemus,
321 1005 493 1066 decretoriis
514 1017 696 1078 exerceatur,
719 1013 753 1065 ut
773 1004 878 1066 iecisse
892 1005 1018 1065 Brutum
1034 1004 1164 1067 diximus
1177 1024 1237 1086 pro

158 1089 277 1151 llilone.
318 1090 421 1152 Melius
441 1091 498 1151 boc
518 1108 605 1169 quam
627 1090 790 1152 rescribere
811 1090 962 1151 veteribus
983 1089 1181 1166 orationibus,
1203 1100 1239 1152 ut

157 1176 228 1236 fecit
243 1175 357 1237 Cestius
372 1185 477 1237 contra
493 1175 644 1239 Ciceronis
659 1175 806 1237 actionem
817 1174 945 1236 habitam
960 1193 1016 1254 pro
1031 1175 1150 1250 eodem,
1165 1194 1237 1238 cum

158 1261 279 1321 alteram
295 1270 410 1340 partem
425 1261 496 1322 satis
511 1279 599 1322 nosse
614 1281 676 1322 non
692 1270 794 1341 posset
808 1279 843 1320 ex
858 1261 920 1322 sola
933 1260 1118 1321 defensione.

106 1352 135 1402 rt
243 1346 336 1407 Citius
347 1355 445 1406 autem
457 1346 583 1406 idoneus
594 1347 650 1406 erit
664 1346 788 1420 iuvenis,
804 1364 893 1425 quem
908 1355 1085 1425 praeceptor
1101 1347 1237 1425 coegerit

157 1430 188 1491 in
204 1431 395 1492 declamando
411 1448 498 1509 quam
514 1430 695 1492 simillimum
711 1450 776 1494 esse
790 1431 904 1492 veritati
920 1439 949 1490 et
959 1449 1015 1509 per
1026 1439 1103 1491 totas
1114 1431 1160 1491 ire
1171 1449 1236 1492 rna-

156 1517 255 1589 terias,
278 1534 403 1594 quarum
426 1534 508 1576 nunc
530 1516 666 1577 facillima
688 1525 718 1576 et
732 1517 856 1577 maxime
871 1515 1039 1576 favorabilia
1055 1517 1238 1596 decerpunt

159 1599 285 1662 Obstant
299 1601 377 1672 huic,
394 1600 474 1678 quod
489 1602 620 1662 secundo
637 1602 703 1662 loco
719 1601 814 1681 posui,
837 1603 901 1662 fere
915 1601 1001 1661 turba
1016 1600 1236 1680 discipulorum

157 1695 187 1745 et
197 1685 381 1746 consuetudo
393 1685 530 1746 classium
541 1687 629 1747 certis
641 1687 745 1748 diebus
755 1686 978 1759 audiendarum,
991 1686 1130 1747 nonnihil
1144 1687 1236 1749 etiam

156 1868 319 1931 impetravit,
333 1871 365 1916 ut
374 1866 506 1916 iudicium
519 1883 554 1918 ear
563 1866 628 1927 foro
638 1870 669 1918 iu
719 1866 831 1919 Remove
846 1871 900 1919 irie
918 1869 1020 1919 luceria
1039 1884 1125 1935 arura,
1144 1871 1238 1922 decre·

157 1935 295 1986 basilicam
313 1933 515 1995 irarreferreiur.
719 1938 797 1988 toreis
815 1941 944 2002 opereat.

194 2005 233 2056 te.
252 2003 479 2071 quod—robbut,
497 2018 518 2055 s.
531 2001 668 2056 Toullial.
754 2004 884 2070 discimus,
901 2009 924 2070 1,
942 2006 983 2058 23.
1190 2055 1192 2060 .

157 2073 203 2124 34:
230 2071 306 2138 Ergo
333 2072 407 2138 apud
428 2075 542 2124 maiores
564 2076 669 2124 uermes
752 2074 947 2124 rescribere-
973 2075 1155 2140 orationibus,
1178 2074 1234 2143 vgl.

156 2142 260 2190 iuvenis
276 2140 336 2205 ille,
360 2143 408 2206 qui
423 2139 487 2200 foro
505 2145 531 2192 et
547 2142 669 2206 eloquere·
720 2139 792 2192 Suet.
811 2140 890 2207 Galig.
909 2143 950 2194 53.

158 2211 211 2259 iae
228 2210 395 2274 parabatur,
416 2210 533 2259 tuturus
549 2212 605 2260 iam
623 2209 668 2259 do·
755 2209 865 2271 deuio,
883 2207 909 2260 L.
924 2208 992 2271 Pius,
1006 2209 1048 2261 ein
1059 2207 1236 2274 griechischen·

156 2281 265 2328 meatim
283 2277 434 2342 disciplina,
456 2275 573 2337 refertur
589 2279 669 2327 boue·
719 2276 816 2331 Rhetor
833 2277 868 2329 im
889 2277 1007 2344 intinge
1025 2277 1068 2331 der
1078 2273 1229 2340 Ileicerzeit,

155 2347 203 2395 etis
228 2345 326 2396 studiis
349 2345 529 2395 deducebatur
551 2361 568 2396 a
590 2349 670 2410 petre
720 2345 765 2397 der
789 2361 835 2398 nur
856 2345 991 2397 lateiniscb
1015 2347 1126 2410 vortrug.
1165 2342 1229 2396 llas-

156 2413 199 2463 oel
221 2431 237 2465 a
260 2415 421 2480 propinquis
441 2413 479 2464 ad
501 2428 561 2463 erem
580 2417 670 2465 orato·
720 2413 791 2465 solbe
804 2413 930 2466 beriehtet
946 2429 997 2465 von
1014 2413 1073 2464 dem
1083 2410 1233 2464 KaiserGa·

155 2481 669 2615 t‘tttttttttttttttttffttt
719 2481 798 2602 *ti
811 2481 985 2615 {iiiiii
1001 2484 1045 2602 ii
1057 2549 1147 2602 ete,
1161 2549 1233 2602 trent

153 2622 291 2684 prosequi,
310 2620 389 2669 buius
407 2620 529 2669 erunibus
542 2619 668 2670 dictioni-
720 2617 746 2669 in
765 2616 907 2670 Gebraucb.

157 2687 206 2735 bue
222 2689 356 2749 interesse,
373 2688 428 2735 rice
445 2688 474 2735 in
492 2687 668 2736 iudiciicriue
752 2686 868 2736 secundo
886 2687 952 2750 loco,
970 2685 1082 2737 nimlieb
1097 2702 1150 2753 per
1163 2689 1233 2738 teies

156 2755 185 2802 iu
198 2753 380 2817 concionibus,
393 2753 572 2818 adsumeret,
585 2757 626 2804 ita
637 2758 670 2803 ui
719 2755 760 2804 ire
776 2756 913 2806 materias.

156 2819 345 2870 altercationes
368 2835 472 2885 quoque
490 2824 626 2887 occiperet
642 2826 669 2872 et
752 2821 890 2887 classium,
913 2822 939 2872 in
964 2821 1062 2874 diesem
1081 2818 1162 2873 Sinne
1180 2824 1235 2874 eret

156 2890 254 2951 iurgiis
279 2891 417 2939 interesset
438 2893 519 2954 utque
535 2894 575 2940 rie
592 2891 667 2941 dire-
718 2889 744 2939 in
756 2888 801 2941 der
812 2889 1004 2956 spiterenZeit,
1018 2889 1059 2940 bei
1071 2887 1159 2949 Quint.
1168 2889 1232 2941 eini-

155 2959 666 3080 idffliffiiffiffiiifflli
718 2956 1233 3092 tttt¹‘,t¹tttiiitit,tt

156 3090 226 3143 Brut
245 3090 313 3144 aelf.
718 3095 868 3161 ceptoribus
884 3097 950 3145 meir
965 3108 1081 3158 morere,
1106 3096 1154 3160 qui
1171 3108 1231 3146 oum

191 3163 231 3214 20.
259 3160 486 3227 quar-audierit,
503 3161 553 3213 ie.
572 3163 668 3227 quidue
715 3179 815 3229 pueror
841 3165 871 3213 iu
901 3163 997 3214 elacior
1026 3162 1232 3226 distribuerant,

156 3230 269 3295 agendis
285 3226 452 3289 interfuerit.
718 3230 840 3283 ordinem
863 3231 970 3281 dicendi
989 3231 1136 3280 secuudum
1159 3233 1232 3282 abac

189 3301 332 3364 utrimque,
350 3312 403 3348 von
416 3295 474 3348 dem
487 3295 667 3362 Stundpunlrte
719 3299 826 3361 dadum,
844 3302 920 3350 etita
931 3300 1071 3364 superiore
1083 3299 1142 3350 loeo
1159 3301 1231 3365 quir·
1261 3304 1266 3316 '

156 3365 201 3417 des
211 3364 354 3430 Anldigers
367 3365 418 3417 und
431 3364 476 3418 des
485 3363 666 3430 Verteidigers.
719 3381 770 3432 que
778 3366 952 3431 declamabat,
961 3371 992 3418 ut
996 3366 1162 3432 praecedere
1166 3381 1233 3433 pre·

190 3434 360 3496 decretoriis,
389 3430 591 3486 substantivisclr
621 3433 668 3484 mii
718 3433 793 3496 feriae
808 3435 959 3486 uidebatur.
993 3435 1081 3485 Huius
1097 3436 1141 3486 νει·
1157 3434 1230 3486 &edi-

156 3507 259 3554 ernsten
276 3500 389 3565 Wallen,
413 3502 531 3567 solmon,
554 3501 596 3554 die
617 3501 666 3553 den
719 3505 761 3554 oio
772 3505 984 3568 praebebantur:
1002 3519 1033 3555 ea
1045 3501 1232 3568 mitridgem

155 3569 300 3636 Ausscblag
315 3569 406 3635 geben.
428 3569 539 3622 Abolicb
555 3569 596 3633 Vl,
606 3572 666 3634 4,6:
714 3573 816 3639 polum,
834 3571 932 3622 ducere
947 3586 1010 3622 uere
1023 3570 1133 3623 elacrem
1144 3572 1232 3623 mlta

151 3653 326 3704 pugnumque
341 3637 417 3689 illem
429 3637 607 3690 deoretoriem
618 3640 667 3690 im·
716 3640 935 3707 pulcherrimum.

153 3709 304 3771 peritiore
326 3721 404 3772 saepe
425 3707 545 3772 pullatae
572 3709 667 3759 turbae
751 3711 831 3759 certis
849 3707 941 3758 diebus
953 3707 1158 3773 audiendarum,
1176 3705 1229 3773 vgl.

155 3772 319 3840 relinquunt,
331 3775 383 3827 und
397 3774 439 3826 bei
449 3773 519 3827 Suet.
530 3774 609 3842 Galig.
620 3779 665 3828 bl:
717 3775 743 3828 ll.
755 3781 778 3839 7,
788 3779 815 3828 1:
834 3776 906 3827 Illud
917 3792 951 3826 ear
963 3776 1154 3828 eeurueturiiue
1171 3788 1229 3826 rru-

152 3845 334 3907 pugnatoria,
357 3844 393 3894 im
411 3842 553 3910 Geqenmtz
577 3859 609 3896 ru
627 3845 666 3895 lu·
718 3844 829 3896 tandum
848 3859 965 3910 prorsus
987 3846 1111 3895 existimo
1129 3847 1159 3895 iu
1185 3845 1231 3908 ite,

155 3910 299 3976 roriaffgl.
312 3910 338 3962 b.
349 3909 447 3963 Seneca
457 3911 537 3979 Epist
550 3915 608 3978 117,
618 3914 664 3965 25:
717 3912 749 3963 de
767 3914 863 3978 quidm
879 3928 952 3964 nuuc
970 3912 1137 3978 diameter,
1156 3915 1230 3964 aere·
