2684 4508
491 235 598 288 carun
617 237 634 289 1.
653 236 670 303 ς
687 239 797 288 tas-ar.
1139 231 1178 293 29

109 413 272 473 differentia
288 412 429 474 disseram
445 412 624 490 diligentius,
644 429 711 471 cnm
726 411 762 471 de
777 428 887 489 genere
902 411 1018 473 dicendi
1033 430 1180 491 quaeren-

108 497 178 557 dum
195 496 259 556 erit.
290 497 413 557 Interim
429 497 611 568 summatim,
627 514 644 555 a
659 514 717 574 que
732 496 859 560 lectione
873 505 976 575 petere
990 497 1115 574 possint,
1131 497 1182 576 qui

109 582 286 642 confirmare
308 582 476 642 facultatem
500 580 617 641 dicendi
639 581 754 654 volent,
777 581 928 658 attingam.
966 581 1080 642 Paucos
1102 586 1181 642 enim

109 670 245 747 quisunt
260 666 485 727 eminentissimi
501 683 662 743 excerpere
673 666 704 725 in
721 666 820 726 animo
836 674 888 726 est.
915 665 1012 725 Facile
1027 676 1072 727 est
1086 676 1184 727 autem
1205 675 1234 723 45

109 751 264 824 studiosis,
289 751 339 829 qui
362 751 422 812 sint
441 751 488 811 his
507 750 625 824 similes,
646 749 792 825 indicare;
816 751 1022 829 nequisquam
1042 760 1183 830 queratur

110 837 235 897 omissos
250 838 327 896 forte
342 835 455 913 aliquos
469 854 539 915 quos
553 835 616 913 ipse
632 834 713 894 valde
728 835 845 913 probet.
872 834 979 896 Fateor
990 837 1071 896 enim
1082 837 1183 915 plures

60 928 64 935 '
111 920 254 998 legendos
270 939 342 994 esse,
359 938 445 998 quam
462 920 513 998 qui
529 938 545 979 a
559 937 607 979 me
623 919 868 979 nominabuntur.

198 1005 255 1066 Sed
272 1023 352 1064 nunc
367 1023 478 1083 genera
493 1004 556 1082 ipsa
571 1004 744 1076 lectionum,
761 1022 836 1082 quae
849 1005 1008 1083 praecipue
1024 1006 1183 1065 convenire

112 1090 343 1163 intendentibus,
360 1099 393 1150 ut
408 1098 543 1150 oratores
558 1090 639 1162 fiant,
656 1088 829 1160 existimem,
845 1107 1016 1166 persequar.

197 1176 289 1253 Igitur
303 1184 337 1234 ut
348 1175 455 1235 Aratus
471 1174 507 1234 ab
519 1174 587 1233 love
598 1172 800 1250 incipiendum
816 1180 909 1250 putat,
925 1174 963 1232 ita
980 1193 1035 1234 nos
1048 1175 1104 1234 rite
1116 1193 1186 1234 coe·
1207 1184 1236 1233 tc

112 1260 192 1339 pturi
206 1260 242 1320 ab
254 1260 413 1320 Homero
425 1260 569 1320 videmur.
591 1257 646 1317 llic
658 1257 747 1329 enim,
758 1257 1006 1334 quemadmodum
1017 1277 1052 1318 ex
1064 1259 1184 1319 Oceano

112 1344 182 1404 dicit
202 1346 264 1424 ipse
280 1344 412 1405 amnium
427 1345 615 1421 fontiumque
636 1359 742 1402 cursus
762 1341 879 1402 initium
902 1360 1023 1421 capere,
1046 1343 1186 1405 omnibus

111 1429 297 1507 eloquentiae
319 1429 455 1507 partibus
476 1427 643 1505 exemplum
665 1435 695 1486 et
715 1434 813 1486 ortum
829 1426 917 1486 dedit.
947 1427 1037 1488 llunc
1052 1446 1139 1488 nemo
1155 1428 1185 1487 in

110 1515 227 1592 magnis
240 1514 331 1574 rebus
342 1513 530 1587 sublimitate,
547 1513 576 1573 in
590 1511 687 1591 parvis
698 1511 879 1590 proprietate
890 1512 1082 1590 superaverit.
1104 1512 1186 1573 ldem

111 1599 205 1659 laetus
221 1617 254 1658 ac
269 1616 407 1677 pressuS,
430 1597 579 1658 ineundus
594 1605 623 1657 et
636 1596 747 1675 gravis,
771 1604 833 1656 tum
856 1597 940 1675 copia
963 1606 1027 1657 tum
1045 1597 1186 1657 brevitate

112 1683 270 1756 mirabilis,
288 1700 344 1742 nec
359 1683 473 1760 poetica
490 1683 576 1743 modo
593 1682 644 1743 sed
660 1681 788 1741 oratoria
802 1681 910 1742 virtute
926 1682 1186 1743 eminentissimus.

113 1767 186 1827 Nam
210 1775 242 1827 ut
257 1766 294 1826 de
316 1766 466 1841 laudibus,
489 1766 758 1839 exhortationihus,
781 1766 1036 1827 consolationibus
1057 1776 1186 1828 taceam:
1209 1775 1238 1824 tt

115 1871 218 1912 nonne
236 1852 283 1911 vel
298 1870 396 1913 nonus
410 1851 494 1926 liber,
511 1871 569 1930 quo
584 1851 672 1913 missa
687 1852 722 1911 ad
734 1850 868 1911 Achillen
884 1851 989 1929 legatio
1006 1853 1186 1924 continetur,

115 1937 161 1997 vel
175 1937 206 1997 in
222 1936 318 2015 primo
335 1936 414 1997 inter
426 1937 517 1997 duces
532 1937 581 1997 illa
591 1935 744 1997 contentio
759 1936 805 1995 vel
820 1936 914 1996 dictae
929 1936 1105 1997 insecundo
1119 1956 1187 1998 sen·

149 2068 625 2134 disseramdiligentiac,llll,10,635.
711 2069 779 2119 dicit
795 2071 858 2132 ipre,
875 2068 903 2120 ll.
922 2068 987 2133 xxl,
1007 2071 1062 2122 196.

148 2139 188 2188 45.
219 2137 346 2187 studiosis
372 2138 439 2188 ohne
469 2137 626 2202 abhdngiges
710 2138 890 2201 proprietate,
928 2129 1188 2202 ‘Angemessenheit‘3

114 2202 627 2269 substantivumstehtzurBeaeichnung
678 2202 764 2262 Quint.
779 2202 841 2267 Vlll,
854 2206 904 2268 t,1
926 2203 1047 2256 erlintert
1065 2219 1092 2255 es
1110 2203 1188 2255 durch

114 2272 221 2336 dessen,
244 2271 290 2323 der
307 2273 363 2323 sich
382 2273 440 2324 eine
461 2272 557 2324 hihere
575 2271 627 2323 Bil-
677 2287 727 2322 aaa
746 2274 875 2337 caiusque
892 2274 934 2322 rei
952 2272 1107 2338 appellatio.
1140 2270 1189 2322 Iler

115 2340 184 2405 dung
203 2339 361 2405 ananeigneu
379 2339 497 2392 bestrebt
514 2340 556 2404 ist,
574 2339 627 2406 vgl.
679 2337 822 2405 Gegensatz
849 2340 884 2390 ist
906 2339 1066 2403 artimitas,
1093 2340 1189 2392 ebenso

116 2410 140 2470 3,
150 2409 191 2459 32.
209 2406 262 2471 llll,
275 2410 311 2469 ll,
324 2409 353 2459 31
368 2409 411 2466 (an
424 2407 515 2458 beiden
530 2406 627 2459 Stellen
679 2408 694 2470 ξ
713 2409 754 2470 tt,
774 2407 864 2459 andeis
882 2407 899 2474 ς
917 2412 940 2459 6.
960 2410 1000 2460 29.
1019 2412 1043 2472 5,
1058 2411 1081 2460 8.

115 2475 141 2524 in
176 2473 341 2540 Verbindung
373 2475 420 2526 mit
450 2478 577 2540 iuvenis),
608 2474 626 2537 l,
713 2475 806 2538 hetto,
822 2468 961 2538 ‘blirhend',
979 2476 1034 2526 hier
1050 2491 1101 2526 von
1121 2476 1190 2526 einer

52 2540 53 2543 ’
116 2541 233 2592 Prooem.
247 2544 278 2594 23
296 2541 325 2607 11,
344 2545 384 2606 to,
404 2544 444 2594 15.
462 2542 513 2606 llll,
533 2545 573 2607 10,
586 2545 627 2596 62.
679 2541 784 2592 Person·
806 2546 909 2608 gesagt,
945 2542 1107 2607 gewohnlich
1138 2558 1191 2594 von

152 2609 301 2660 leatieaara.
336 2608 386 2661 Der
398 2609 467 2663 Plur.
485 2610 527 2662 bei
542 2609 628 2671 Quint.
681 2609 787 2672 sochen,
807 2609 910 2674 vgilll,
922 2613 987 2674 tet
1005 2610 1054 2660 illa
1068 2611 1190 2672 laetima

64 2678 65 2682 ’
116 2693 163 2729 nur
181 2692 212 2728 an
231 2676 314 2731 dieser
328 2677 417 2740 Stelle,
437 2693 478 2730 wo
496 2678 542 2731 das
555 2677 629 2729 Wort
681 2678 773 2743 qualia
791 2695 807 2728 a
825 2677 950 2728 Cicerone
969 2678 1097 2729 deantur
1113 2673 1191 2729 ‘eoae

116 2745 141 2796 in
160 2745 277 2810 passiver
289 2745 441 2812 Bedeutung
459 2745 505 2798 das
519 2760 575 2797 was
586 2760 630 2812 ge·
681 2750 761 2810 atque
771 2746 929 2797 solitudines
940 2749 1000 2798 ooai
1008 2741 1193 2811 resperadeat’,

116 2813 188 2864 lesen
206 2813 271 2864 wird
294 2813 454 2868 bezeichnet.
490 2812 549 2880 vgl.
568 2811 629 2866 God
679 2813 726 2865 'der
752 2813 895 2879 deponsata
928 2814 963 2865 ist
990 2831 1109 2880 praeeras,
1140 2809 1193 2881 ‘ge-

63 2918 65 2922 .
116 2880 204 2932 lustin.
223 2879 262 2946 Vl,
274 2883 356 2945 il,5:
375 2883 487 2933 dicerm
497 2884 567 2932 iaris
580 2883 630 2933 lec·
682 2875 783 2947 driogt’
803 2877 906 2946 ‘knepp'
924 2873 1041 2933 ‘einlach'
1061 2882 1183 2948 vgl.§4l

84 2953 89 2964 ’
110 2949 236 3000 ionitae
251 2975 286 2987 -
301 2951 426 3014 probare.
682 2948 723 3000 die
741 2950 887 3014 huenrtnng
908 2949 1065 3001 luxuriosas
1081 2950 1133 3012 llll,
1154 2953 1191 3012 10,

154 3015 456 3080 correctricem.
491 3016 632 3083 Dieauge-
682 3020 727 3071 80:
747 3019 907 3069 laetanea
927 3018 1122 3081 luxuriosa,
1141 3017 1192 3070 und

120 3080 223 3135 ltihrten
235 3081 323 3134 Worte
342 3083 399 3134 sind
417 3082 462 3134 der
472 3084 574 3150 Anieng
586 3085 631 3136 der
682 3089 825 3150 comptae
843 3088 867 3149 2,
889 3088 926 3138 16.
1030 3081 1033 3085 ’

119 3143 631 3220 Phaenomene:'Iiadaiaippaipeaia
716 3155 757 3205 47.
783 3152 810 3204 ln
833 3153 929 3205 diesem
954 3155 970 3218 ξ
994 3153 1050 3205 sind
1074 3152 1115 3203 die
1139 3151 1191 3202 diei

119 3216 243 3269 Ilasselbe
256 3217 384 3270 GitatGic.
403 3217 436 3269 de
448 3219 546 3283 republ.
559 3223 580 3281 1,
591 3221 630 3272 36.
681 3220 908 3289 Hauptgettungen
927 3221 971 3272 der
988 3221 1070 3284 Rede,
1093 3219 1193 3270 welche

119 3326 121 3330 Α
152 3288 282 3350 coepturi,
300 3284 354 3339 dies
368 3285 478 3339 Verbum
496 3286 548 3339 und
566 3289 632 3338 iraci-
683 3305 734 3340 von
762 3289 810 3341 den
834 3288 1002 3341 Rhetorihem
1030 3285 1192 3353 gewdhnlich

118 3370 183 3419 pere
198 3353 302 3406 werden
313 3353 518 3409 unterscbiedlos
536 3355 631 3408 neben-
683 3356 877 3409 unterschieden
896 3357 1009 3419 wurden,
1028 3353 1191 3421 aagedeutet,

118 3421 240 3473 einander
249 3422 395 3487 gebraucht.
409 3421 630 3491 IiasParticipinm
683 3424 728 3476 das
750 3441 837 3490 gerrae
861 3425 1041 3484 laudaticum,
1065 3423 1194 3473 delibera·

120 3488 166 3540 des
177 3489 313 3543 Futuruma
331 3489 417 3541 hctivi
431 3492 503 3556 ,ohne
520 3507 574 3541 esee
592 3506 631 3544 er·
683 3495 768 3544 ticam
789 3495 845 3543 rice
864 3494 1017 3543 caesariam
1043 3490 1094 3543 und
1122 3491 1194 3541 iadi-

119 3560 186 3611 setat
195 3557 244 3609 den
253 3555 365 3609 lnfinitiv
375 3557 420 3609 des
430 3557 566 3611 Futurums
578 3558 630 3610 und
683 3561 764 3619 ciale;
779 3559 821 3611 die
834 3559 1006 3611 betreffenden
1020 3559 1119 3610 Scenen
1131 3559 1194 3610 hebt

121 3621 201 3675 findet
213 3625 266 3676 sich
279 3626 344 3676 auch
355 3624 396 3690 Vl,
406 3624 522 3678 Prooem.
536 3630 546 3678 l
562 3628 632 3679 barte
683 3627 768 3688 Quint.
779 3627 849 3679 nicht
861 3642 951 3694 wegen
965 3627 1032 3677 ihrer
1044 3626 1194 3691 poetisehen

123 3693 250 3756 optimam
262 3698 371 3759 partera
387 3693 534 3744 relicturae
557 3696 630 3746 bere-
683 3694 801 3761 Voradge
820 3695 924 3757 hemor,
943 3694 1052 3746 condem
1071 3695 1196 3748 vielmehr

122 3759 341 3812 ditatisaidetar.
358 3760 390 3825 V,
399 3760 632 3814 Prooemizliiae
683 3761 802 3826 deshalb,
829 3762 889 3814 weil
915 3763 941 3814 in
963 3762 1040 3814 ihnen
1067 3763 1106 3816 ein
1131 3763 1196 3815 Vor-

117 3833 263 3944 prgeaepta
287 3832 326 3880 eie
356 3831 454 3894 optime
483 3830 633 3882 divisuri
683 3829 1077 3898 bildluralleRedegettungen
1096 3831 1196 3885 enthel-

120 3897 150 3944 oi
169 3908 243 3947 entur
258 3912 283 3948 u.
301 3911 323 3949 a.
684 3901 727 3949 ten
744 3897 786 3950 iel.
