2684 4508
568 230 676 283 curor
693 231 735 285 rr.
754 232 864 299 t‘a-a.

490 482 493 486 >
620 438 730 514 Curua
756 412 820 511 lv.
1023 511 1027 520 ,

440 573 647 661 QUOMODO
673 573 988 649 EMENOANOUM.

140 756 153 806 t
261 745 402 824 Sequitur
423 746 655 820 emendatio,
682 763 751 823 pars
777 744 943 805 studiorum
968 743 1058 823 longe
1084 743 1252 805 utilissima.

176 832 278 909 Neque
300 831 380 892 euim
402 831 465 892 sine
488 848 574 891 causa
595 829 740 891 creditum
762 837 816 905 est,
838 828 937 890 stilum
959 848 1019 890 non
1041 829 1139 890 nunus
1158 846 1250 908 agere

177 935 245 978 cum
260 914 346 976 delet.
376 915 471 977 Huius
492 924 589 976 autem
611 915 709 994 operis
730 921 774 975 est
789 913 914 988 adicere,
936 914 1100 987 detrahere,
1122 923 1250 976 mutare.

177 1000 234 1063 Sed
248 1001 362 1062 facilius
377 1001 408 1061 in
424 1000 459 1062 iis
474 1000 696 1080 simpliciusque
710 999 862 1073 iudicium,
886 1017 959 1077 quae
974 999 1117 1078 replenda
1131 999 1178 1060 vel
1193 999 1246 1060 de·

131 1100 133 1106 '
175 1086 291 1147 icienda
302 1094 387 1162 sunt;
403 1104 540 1166 premere
552 1104 621 1147 vero
632 1085 786 1159 tumentia,
801 1084 920 1144 humilia
932 1084 1081 1159 extollere,
1094 1085 1250 1146 luxurian-

175 1171 215 1231 tia
230 1171 423 1250 adstringere,
439 1171 606 1232 inordinata
621 1171 765 1250 digerere,
787 1170 882 1231 soluta
905 1187 1094 1248 componere,
1111 1169 1251 1231 exultan-

174 1256 215 1316 tia
229 1274 377 1330 coercere,
393 1256 519 1336 duplicis
534 1275 651 1337 operae.
679 1257 753 1317 Nam
771 1263 800 1316 et
821 1255 986 1315 damnanda
1008 1263 1078 1316 sunt
1092 1273 1167 1333 quae
1182 1255 1249 1336 pla·

139 1351 154 1401 2
174 1350 307 1417 cuerant,
323 1350 353 1401 et
367 1341 544 1402 invenienda
558 1359 632 1420 quae
648 1343 795 1419 fugerant.
824 1339 885 1400 Nec
899 1339 1023 1401 dubium
1043 1348 1087 1400 est
1102 1340 1250 1419 optimum

175 1446 239 1488 esse
255 1426 430 1487 emendandi
450 1445 553 1505 genus,
574 1427 598 1487 si
614 1426 722 1506 scripta
736 1425 767 1485 in
783 1425 901 1504 aliquod
917 1433 1034 1503 tempus
1049 1435 1248 1504 reponantur,

173 1521 208 1572 ut
221 1513 256 1572 ad
273 1530 307 1572 ea
321 1520 388 1590 post
407 1511 593 1572 intervallum
612 1511 692 1571 velut
713 1529 789 1571 nova
810 1519 899 1588 atque
920 1510 1015 1571 aliena
1029 1511 1193 1584 redeamus,
1208 1531 1250 1573 ne

137 1606 151 1656 a
174 1595 261 1658 nobis
281 1597 390 1674 scripta
413 1606 513 1657 nostra
534 1605 683 1675 tamquam
704 1603 840 1656 recentes
861 1597 938 1656 letus
959 1594 1157 1656 blandiantur.
1188 1597 1248 1658 Sed

175 1699 271 1760 neque
299 1681 356 1740 hoc
377 1682 550 1760 contingere
570 1699 687 1760 semper
711 1689 821 1759 potest,
849 1679 1020 1759 praesertim
1046 1680 1171 1753 oratori,
1199 1681 1249 1742 eui

173 1765 291 1844 saepius
306 1765 436 1825 scrihere
457 1767 492 1826 ad
508 1766 672 1844 praesentis
686 1784 758 1826 usus
775 1782 898 1825 necesse
909 1772 967 1839 est3
984 1773 1014 1825 et
1028 1764 1091 1843 ipsa
1107 1767 1248 1828 emenda-

174 1849 215 1910 tio
230 1849 321 1909 fiuem
336 1849 451 1910 haheat.
482 1851 559 1910 Sunt
574 1850 656 1910 enim
671 1849 722 1929 qui
743 1849 778 1910 ad
800 1848 898 1909 omnia
914 1849 1025 1929 scripta
1039 1858 1189 1929 tamquam
1204 1851 1248 1912 vi·

173 1934 248 1996 tiosa
262 1935 386 1995 redeant
401 1945 438 2010 et,
456 1935 539 2014 quasi
555 1934 628 1995 nihil
643 1936 686 1995 las
701 1935 739 1994 sit
754 1943 869 1995 rectum
880 1953 945 1995 esse
957 1933 1037 2012 quod
1048 1935 1179 2014 primurn
1191 1937 1245 2011 est,

173 2020 278 2081 melius
293 2020 460 2081 existiment
477 2020 618 2100 quidquid
637 2029 682 2081 est
702 2019 790 2093 aliud,
812 2019 900 2097 idque
915 2019 1032 2093 faciant,
1056 2021 1195 2099 quotiens
1210 2022 1245 2082 li·

172 2103 260 2165 brum
275 2106 306 2164 in
322 2124 428 2167 manus
443 2114 677 2185 resumpserunt,
693 2104 808 2166 similes
829 2104 949 2164 medicis
964 2104 1053 2165 etiam
1067 2104 1182 2184 integra
1198 2125 1245 2168 se-

174 2191 319 2252 cantibus.
349 2191 462 2252 decidit
477 2192 583 2270 itaque,
599 2200 632 2251 ut
646 2191 818 2252 cicatricosa
835 2188 896 2250 sint
911 2199 940 2249 el
954 2189 1113 2268 exsanguia
1127 2200 1157 2250 et
1170 2208 1243 2251 cura

135 2285 151 2334 t
171 2276 282 2355 peiora.
314 2274 358 2336 Sit
372 2295 443 2355 ergo
459 2275 615 2353 aliquando
631 2275 710 2353 quod
725 2275 839 2354 placeat
853 2282 904 2335 aut
919 2282 998 2335 certe
1015 2276 1094 2354 quod
1109 2275 1242 2349 sufficiat,

173 2369 206 2420 nt
227 2380 302 2440 opus
325 2361 417 2438 poliat
436 2361 504 2421 lima
525 2379 587 2422 non
609 2368 729 2420 exterat.
760 2360 915 2440 Temporis
936 2378 1055 2439 quoque
1076 2379 1140 2422 esse
1157 2359 1244 2422 debet

173 2447 288 2506 modus
325 2446 398 2507 Nam
420 2447 497 2524 quod
526 2445 637 2507 Cinnae
659 2445 814 2525 Zmyrnam
840 2463 947 2507 novem
967 2444 1053 2506 annis
1078 2446 1245 2526 accepimus

173 2531 322 2611 scriptam,
339 2540 367 2592 et
382 2531 595 2612 Panegyricum
611 2530 757 2605 Isocratis,
779 2530 829 2609 qui
845 2529 1025 2610 parcissime,
1042 2531 1144 2591 decem
1159 2531 1246 2594 annis

173 2615 276 2681 dicunt
291 2615 489 2677 elaboratum:
506 2615 542 2676 ad
558 2624 708 2677 oratorem
717 2615 790 2676 nihil
801 2614 939 2694 pertinet,
956 2615 1040 2675 cuius
1053 2614 1168 2677 nullum
1181 2615 1246 2691 erit,

173 2700 273 2761 sitam
289 2701 406 2760 tardum
421 2701 519 2774 fuerit,
535 2700 685 2761 auxilium.
741 2746 743 2751 ,

210 2836 231 2884 l.
248 2831 410 2896 exultantia,
428 2847 449 2885 a.
468 2834 491 2895 2,
511 2835 551 2886 16.
734 2831 805 2895 tnlls,
824 2829 956 2883 Verlasser
974 2832 1043 2886 eines
1061 2834 1183 2900 epischen
1197 2833 1249 2889 Oe·

178 2948 181 2953 ,
207 2901 230 2951 2.
248 2898 336 2962 setar,
363 2900 480 2953 ziemlich
505 2901 601 2953 eeltner
618 2900 684 2953 llus-
734 2899 832 2951 dichtes
850 2898 972 2966 Zmyrna,
994 2901 1040 2953 das
1063 2901 1181 2955 verloreu
1200 2918 1246 2970 ge·

172 2966 260 3020 druch.
734 2980 835 3033 gangen
851 2966 893 3019 ist.

200 3034 385 3099 blandiantur,
393 3028 458 3087 ‘sich
467 3036 681 3088 einschrneicheln
766 3051 860 3088 novara
868 3039 956 3101 anuh,
971 3037 1111 3091 wieOatnll
1124 3037 1246 3092 iocinera

172 3102 225 3155 und
243 3096 372 3169 gelalleo'.
732 3102 878 3170 Epigramm
903 3105 956 3168 (95)
983 3105 1018 3156 im
1043 3105 1146 3172 Aniang
1172 3111 1244 3173 angl:

207 3175 232 3225 3.
257 3171 337 3234 finem
363 3171 472 3234 lrabeat,
498 3170 555 3222 eine
585 3169 682 3223 Grenze
733 3172 1246 3240 Zmyraameicianaaaoaamposaae

172 3239 265 3303 haben,
283 3239 325 3292 die
340 3239 409 3291 nicht
421 3238 605 3290 iherschritteu
618 3254 683 3291 wer·
733 3242 934 3305 niquemeaaom,
945 3242 1030 3305 Quam
1039 3247 1132 3308 coapta
1141 3247 1189 3308 eet,
1198 3259 1248 3295 aa·

173 3307 222 3360 den
239 3307 303 3361 dari.
732 3323 847 3373 namque
865 3307 936 3359 edita
952 3314 1014 3375 past
1031 3311 1142 3363 aionem
1160 3315 1210 3363 cet.

206 3375 434 3439 etmileeffladiaia,
448 3373 532 3426 dieser
545 3370 682 3438 Vergleiolr
766 3376 963 3442 Panegyricum
971 3377 1105 3443 Isocratis,
1111 3378 1168 3431 eine
1175 3377 1247 3433 Fest-

173 3443 221 3494 mit
237 3443 286 3496 den
304 3441 398 3494 Aratea
421 3442 454 3493 ist
473 3440 590 3494 aiemlich
608 3456 682 3494 uner-
732 3441 800 3505 rede,
818 3442 860 3495 die
878 3458 925 3495 vor
936 3443 981 3496 der
995 3443 1246 3514 Festveraammluug

174 3516 275 3564 wartet.
732 3510 829 3563 beiden
840 3511 1017 3578 olympischen
1026 3513 1131 3581 Spieleu
1140 3530 1247 3582 gespro·

206 3582 312 3645 itaqua,
335 3576 420 3637 Quint.
438 3575 592 3630 beobachtet
611 3578 680 3631 nicht
734 3579 799 3631 cheu
813 3579 917 3632 worden
930 3580 980 3633 und
993 3597 1041 3634 uns
1053 3583 1119 3635 noch
1129 3583 1246 3636 erhalten

172 3646 244 3698 mehr
271 3644 312 3697 die
334 3645 401 3697 leine
419 3643 638 3711 Unlerscheiduug
655 3647 682 3699 io
733 3647 775 3709 ist,
793 3647 845 3713 vgl.
858 3646 1064 3703 Plut.dec.orat.
1075 3645 1099 3702 δ.
1110 3667 1134 3717 p.
1146 3651 1246 3706 837&

172 3712 216 3764 der
235 3711 353 3778 Stellung
375 3728 426 3764 rou
448 3714 540 3779 itaqua
561 3714 613 3768 und
629 3717 682 3780 igi·
732 3710 783 3767 τὸν
795 3732 902 3786 campo
920 3711 979 3768 ικὸν
995 3717 1067 3769 ἔτεσι
1085 3713 1151 3771 δέκα
1169 3721 1244 3771 aaut·

171 3785 218 3832 tur
235 3781 286 3833 wia
303 3780 399 3833 Cicero.
733 3781 833 3846 θηκεν,
853 3779 882 3835 οἱ
898 3734 929 3835 Oi
946 3779 1095 3837 δεκαπέντε
1112 3782 1243 3858 λέγουσιν.

175 3891 180 3900 ,
206 3852 231 3903 l.
249 3847 343 3912 anna,
359 3848 385 3900 G.
399 3845 682 3914 Helviuerreundoa-
765 3851 928 3916 parcissimo,
946 3865 967 3902 s.
987 3854 1009 3915 1,
1024 3856 1081 3906 iOl.
