2684 4508
471 257 578 310 11111
596 257 634 312 11.
652 258 668 325 p
686 261 795 313 11-11.
1126 258 1167 320 ot

97 434 209 495 tardior
228 434 259 494 in
288 431 446 494 scribendo
468 440 519 493 aut
539 432 681 493 incertior
702 432 731 493 in
754 431 953 512 intellegendo
974 434 1053 494 velut
1073 434 1168 496 olien-
1206 466 1207 471 1

96 526 176 580 sator
197 518 266 579 luit:
290 516 444 578 inhibetur
464 535 584 592 cursus,
610 525 697 596 atque
719 515 815 579 omnis
842 534 917 595 quae
939 527 1002 578 erat
1024 528 1168 599 concepta

14 608 16 612 '
96 604 205 666 mentis
229 602 357 664 intentio
383 620 465 662 mora
491 611 521 662 et
546 603 695 664 interdum
718 601 869 663 iracundia
894 603 1051 664 excutitur.
1093 603 1169 666 Tum
1190 617 1218 668 tt

96 689 159 762 illa,
186 707 261 767 quae
286 687 419 748 altiorem
445 687 534 748 animi
559 696 672 748 motum
698 695 840 748 secuntur
861 705 996 766 quaeque
1018 689 1080 767 ipsa
1103 690 1167 750 ani·

95 792 176 857 mum
193 772 410 852 quodammodo
425 772 585 847 concitant,
608 791 734 852 quorum
757 781 802 834 est
824 772 930 834 iactare
952 791 1082 847 manum,
1105 783 1167 835 tor·

96 877 188 938 quere
202 858 330 932 vultum,
351 859 448 919 femur
468 866 499 918 et
519 858 595 918 latus
609 858 726 919 interim
749 857 923 937 obiurgare,
947 877 1080 938 quaeque
1095 859 1167 920 Per·
1204 922 1208 929 ,

96 944 157 1005 1111
184 951 282 1017 notat,
308 961 375 1004 cum
401 943 504 1003 leviter
529 943 645 1003 dicendi
671 961 767 1022 genus
792 942 952 1022 siguificat,
978 943 1052 1005 Neo
1077 943 1165 1023 plu-

95 1038 224 1103 teum,
257 1028 361 1109 inquit,
388 1028 534 1089 caedit
556 1047 633 1088 nec
660 1028 858 1089 demorsos
878 1028 979 1107 sapit
1003 1047 1165 1109 ungues,

96 1115 181 1176 etiam
207 1113 328 1174 ridicula
353 1121 437 1186 sunt,
465 1112 521 1173 nisi
546 1130 612 1173 cum
639 1110 694 1172 soli
720 1130 832 1173 sumus.
868 1112 1002 1190 Denique
1023 1121 1056 1175 ut
1076 1115 1167 1176 semel
1189 1125 1217 1176 11

96 1200 174 1279 quod
195 1206 240 1260 est
259 1199 497 1277 potentissimum
519 1196 630 1268 dicam,
649 1203 812 1269 secretum,
833 1195 913 1274 quod
927 1196 1064 1258 dictando
1079 1199 1165 1278 perit,

95 1293 182 1365 atque
195 1282 322 1345 liberum
337 1282 457 1343 arbitris
471 1281 570 1342 locum
586 1288 616 1340 et
629 1299 718 1359 quam
736 1280 908 1342 altissimum
923 1281 1073 1343 silentium
1093 1284 1166 1345 sori·

94 1369 231 1431 bentibus
246 1368 371 1429 maxime
393 1365 553 1427 convenire
576 1383 663 1427 nemo
679 1364 863 1427 dubitaverit.
891 1366 958 1426 Non
980 1375 1078 1429 tamen
1096 1386 1165 1446 pro·

91 1455 171 1517 tinus
193 1453 331 1514 audiendi
353 1451 404 1530 qui
425 1451 552 1511 credunt
571 1450 719 1530 aptissima
740 1451 770 1511 in
791 1451 849 1512 hoc
870 1470 991 1512 nemora
1011 1452 1164 1532 silvasque,

92 1541 172 1619 quod
186 1539 235 1600 illa
250 1537 323 1598 caeli
343 1536 464 1598 libertas
483 1535 676 1614 locorumque
694 1536 855 1597 amoenitas
866 1537 1020 1598 sublimem
1033 1537 1163 1599 animum

92 1633 122 1685 et
141 1624 305 1685 beatiorem
326 1621 462 1701 spiritum
483 1629 597 1699 parent.
633 1621 704 1683 Mihi
730 1630 809 1683 certe
833 1620 982 1684 iucundus
1003 1623 1051 1683 hic
1072 1623 1164 1702 magis
1186 1634 1216 1684 23

92 1726 180 1786 quam
201 1707 366 1769 studiorum
387 1707 521 1767 hortator
542 1705 656 1767 videtur
683 1724 747 1768 esse
769 1725 911 1768 11111111.
951 1707 1084 1787 Namque
1105 1708 1164 1782 illa,

92 1811 167 1872 quae
189 1793 252 1871 ipsa
273 1792 428 1866 delectant,
455 1782 587 1853 uecesse'
602 1799 647 1852 est
668 1799 794 1852 avocent
814 1791 850 1852 ab
874 1791 1042 1854 intentione
1065 1793 1164 1872 operis

91 1877 238 1940 destinati.
280 1877 382 1955 Neque
394 1876 478 1937 enim
500 1895 531 1938 se
552 1876 631 1937 bona
653 1876 710 1938 ride
732 1877 763 1937 in
786 1876 876 1938 multa
898 1877 985 1938 simul
1006 1878 1163 1940 intendere

91 1964 207 2024 animus
218 1970 312 2023 totum
323 1970 430 2040 potest,
445 1970 475 2022 et
486 1979 675 2040 quocumque
687 1961 825 2040 respexit,
841 1961 951 2023 desiuit
960 1963 1070 2024 intueri
1083 1965 1162 2042 quod

91 2048 276 2127 propositum
299 2055 370 2107 erat.
404 2046 502 2117 Quare
523 2047 662 2107 silvarum
682 2045 844 2106 amoenitas
866 2055 896 2106 et
916 2045 1162 2124 praeterlabentia
1184 2057 1213 2108 tl

90 2133 211 2194 llumiua
227 2140 256 2193 et
270 2131 451 2210 inspirantes
472 2131 561 2191 ramis
584 2129 724 2191 arborum
745 2147 834 2190 aurae
855 2131 1068 2210 volucrumque
1090 2150 1161 2193 can·

89 2228 137 2279 tus
163 2227 192 2279 et
206 2219 269 2296 ipsa
289 2217 347 2277 late
369 2214 627 2295 circumspiciendi
648 2214 768 2277 libertas
784 2215 865 2276 adse
881 2216 1017 2291 trahunt3
1043 2226 1076 2279 ut
1089 2218 1161 2279 mihi

87 2303 238 2364 remittere
252 2302 352 2381 potius
366 2300 501 2379 voluptas
516 2300 571 2361 ista
585 2299 718 2361 videatur
732 2300 940 2380 cogitationem
957 2320 1045 2380 quarn
1060 2302 1159 2363 inten-

87 2389 166 2448 dere.
197 2386 410 2448 Demosthenes
425 2385 538 2458 melius,
554 2385 605 2464 qui
627 2404 658 2446 se
680 2386 710 2445 in
734 2385 843 2459 locum,
865 2404 901 2446 11
922 2404 982 2464 quo
1004 2387 1084 2448 nulla
1108 2406 1159 2448 err·
1181 2397 1210 2448 25

87 2472 183 2533 audiri
196 2490 252 2532 vox
267 2480 297 2531 et
312 2489 347 2531 11
362 2489 422 2548 quo
439 2469 511 2530 nihil
535 2470 665 2550 prospici
680 2478 790 2549 posset,
811 2469 1000 2544 recondebat,
1024 2490 1061 2533 ne
1082 2472 1160 2534 aliud

88 2575 175 2635 agere
197 2564 328 2616 mentem
354 2564 497 2634 cogerent
521 2555 609 2617 oculi.
644 2554 774 2634 Ideoque
800 2554 989 2616 lucubrantes
1011 2557 1160 2625 silentium

87 2642 183 2703 noctis
199 2651 228 2702 et
239 2641 369 2702 clausum
383 2639 553 2701 cubiculum
564 2650 594 2701 11
604 2640 705 2701 lumen
717 2658 811 2701 unum
829 2640 907 2700 11111
923 2648 1017 2702 111111
1035 2641 1159 2703 maxime

85 2775 146 2828 uble
157 2775 233 2841 lage,
250 2775 276 2825 iu
290 2773 389 2826 welche
401 2773 453 2839 der,
471 2773 595 2827 welchem
680 2777 721 2826 11.
735 2775 977 2839 torquerevultum,
988 2767 1043 2826 ‘dae
1054 2775 1159 2828 Gesicht

86 2843 190 2895 dihtiert
203 2842 275 2907 wird,
292 2842 371 2894 leicht
386 2842 466 2907 gerit,
480 2854 555 2894 wenn
568 2857 595 2894 11
645 2837 790 2895 verdrehn'.

85 2912 156 2962 1111111
173 2909 272 2961 schnell
290 2924 375 2975 genug
395 2909 595 2963 uachschreiheu
676 2911 825 2974 'obiurgare
841 2934 875 2953 ι
893 2910 1009 2963 caemar.

85 2978 167 3030 lanu:
180 2977 212 3028 da
224 2977 294 3029 11111
307 2976 540 3030 hulmerksamlreit
552 2977 598 3031 aui
680 2978 794 3041 Persius,
813 2975 866 3029 Sat.
887 2981 908 3041 l,
930 2980 984 3031 106.

85 3046 126 3099 die
136 3044 362 3098 unchzuholenden
372 3044 595 3110 Worte'gerichtet
680 3047 720 3097 22.
740 3050 827 3111 atque,
844 3044 896 3109 vgl.
914 3047 938 3110 1,
957 3048 997 3098 10.

84 3116 126 3179 ist,
145 3129 174 3166 eo
193 3112 295 3165 11111111
313 3111 431 3164 111111111
448 3112 497 3163 den
510 3112 594 3164 Faden
680 3116 818 3180 aptissima
827 3114 857 3163 in
866 3114 925 3179 doe,
934 3114 1157 3181 uugewbhnhche,

84 3182 137 3234 und
154 3182 198 3234 hat
216 3180 283 3232 daun
295 3180 367 3232 nicht
384 3180 456 3232 mehr
467 3179 594 3232 daeeolle
645 3179 1156 3247 111111111111111111111111111,11111111

84 3249 260 3302 Verstinduis.
645 3249 734 3302 Dativs
751 3249 813 3302 oder
825 3249 868 3310 cd,
888 3247 1154 3308 111011111111111.

117 3319 191 3369 uelut
207 3317 353 3380 offensator
363 3315 427 3380 fuit,
445 3315 490 3367 der
502 3316 595 3382 gewis-
679 3320 721 3371 24.
737 3320 873 3370 remittere
890 3345 923 3354 -
940 3317 1091 3381 intendere,
1109 3317 1155 3371 dae

83 3386 222 3440 sermalsen
245 3383 436 3450 Vernulassung
462 3399 519 3436 zum
542 3385 594 3435 An·
645 3384 703 3438 Rild
727 3386 761 3437 ist
779 3384 895 3437 entlehut
913 3400 964 3436 von
982 3384 1040 3436 dem
1058 3384 1154 3451 Bogen.

83 3456 146 3508 stols
164 3454 242 3521 giebt.
271 3453 416 3515 offerrentur
433 3450 531 3504 hommt
548 3469 595 3505 nur
678 3454 803 3518 volupiae
818 3455 880 3516 ieta,
896 3446 947 3504 ‘die
965 3447 1081 3505 Wonne‘.

83 3523 137 3576 hier
154 3539 201 3575 vor
212 3521 264 3574 und
278 3520 340 3572 uird
354 3520 418 3572 auch
431 3519 510 3571 durch
521 3520 596 3571 vetut
679 3523 721 3575 25.
737 3521 932 3585 Demosthenes,
958 3521 1011 3585 rgl.
1034 3520 1154 3573 Plutarch

83 3591 121 3642 als
138 3588 509 3658 ungewbhnliehbezeichnet.
527 3590 592 3650 ’1,111
644 3589 715 3641 uem.
733 3592 761 3640 l:
783 3582 926 3641 1111111111
943 3585 1087 3658 κατάγειον
1103 3590 1154 3648 uir
1195 3655 1199 3658 .

82 3654 593 3721 1111111111111111111111,11111111
644 3651 820 3723 οἰκοδομῆσαι
844 3651 1049 3738 μλεητὴριον,
1076 3649 1094 3708 3
1119 3651 1183 3722 tls

82 3727 128 3778 das
140 3724 253 3777 Stoelreu
264 3726 309 3778 der
321 3723 391 3776 Rede
406 3722 604 3789 hervorbriugt'
644 3720 790 3788 tanatem
807 3727 853 3774 καὶ
870 3723 930 3775 καθ
960 3719 1034 3791 ἡμᾶσ.

117 3799 251 3860 concepta,
264 3793 400 3856 irhulichl,
412 3796 443 3846 14
456 3794 519 3844 bene
530 3807 592 3843 eon·
678 3808 784 3858 cogere,
806 3792 833 3842 in
855 3791 1081 3858 abgeschwichter
1104 3792 1152 3846 Be·

83 3865 153 3928 cepti
170 3859 292 3922 adfectu·
307 3861 418 3926 11114
437 3863 592 3912 111111111-
643 3860 764 3926 deutuug,
783 3859 833 3911 uie
851 3859 925 3915 Gom.
943 3859 1007 3927 Nep.
1019 3859 1117 3928 1111111,
1130 3867 1151 3914 1.

78 3933 171 3995 genem
188 3931 277 3980 animo
296 3932 471 3994 concepimus.
643 3927 713 3984 Suet.
730 3927 823 3980 Domit.
843 3929 882 3981 11.

916 4015 947 4066 5*
