2684 4508
504 253 611 307 esrar
628 254 646 307 1.
664 253 681 321 a
699 257 808 309 eo-eo.
1146 252 1187 314 43

119 449 286 512 pensamus.
318 429 414 491 Ceteri
429 447 533 489 omnes
547 429 635 507 longe
650 436 821 508 sequentur.
852 428 924 489 Nam
941 428 1060 489 Macer
1074 437 1104 490 et
1118 429 1189 490 La·
1210 441 1239 492 87

119 516 266 579 cretius
281 514 399 593 legendi
415 512 549 592 quidem,
571 513 622 574 sed
637 532 698 574 non
715 523 753 574 ut·
761 513 881 593 phrasin
897 513 925 574 id
942 523 986 575 est
1003 531 1111 594 corpus
1126 516 1188 576 elo·

118 601 257 682 quentiae
272 599 395 675 iaciant3
411 599 560 678 elegantes
574 599 605 658 in
621 616 673 660 sua
687 599 812 678 quisque
827 599 963 670 materia,
978 600 1028 660 sed
1045 599 1119 660 alter
1132 601 1187 660 hn-

116 688 195 751 milis
210 687 284 746 alter
299 683 433 745 difficilis.
463 683 648 744 Atacinus
663 683 780 744 Varro
797 684 826 744 in
844 684 892 758 iis,
916 702 971 762 per
986 701 1060 763 qaae
1076 703 1186 746 nomen

118 782 163 835 est
177 773 347 843 adsecutus,
370 769 518 848 interpres
533 768 631 848 operis
648 768 750 842 alieni,
774 787 835 829 non
858 769 1046 848 spernendus
1069 770 1186 848 quidem

116 854 219 919 verum
233 856 268 916 ad
279 855 442 934 aagendam
452 853 618 914 facultatem
631 853 748 915 dicendi
758 872 863 933 parum
872 854 1014 933 locuples.
1037 854 1186 916 Ennium
1209 866 1239 916 88
1303 844 1307 849 ’

116 944 194 1005 siout
209 959 309 1003 sacros
324 947 464 1000 vetustate
481 939 563 999 lacos
577 939 743 1013 adoremus,
760 939 789 999 in
807 938 914 1017 quibus
929 940 1050 1019 grandia
1065 948 1095 1001 et
1110 941 1187 1001 anti·

118 1047 176 1107 qna
192 1026 300 1087 robora
315 1025 370 1085 ianr
387 1043 448 1084 non
460 1031 573 1084 tantam
585 1024 697 1084 habent
708 1024 836 1102 speeiem
850 1033 988 1102 quantam
1002 1024 1185 1104 religionem.

118 1112 276 1192 Propiores
290 1109 337 1170 alii
352 1118 440 1188 atque
455 1109 491 1168 ad
507 1109 573 1181 hoo,
589 1110 625 1169 de
641 1127 700 1187 qao
717 1108 882 1186 loquimur,
898 1110 991 1187 magis
1004 1110 1100 1170 utiles.
1131 1111 1186 1171 La·

117 1197 212 1258 soivus
228 1194 344 1274 quidem
360 1194 390 1254 in
407 1195 506 1255 herois
522 1212 641 1273 qnoque
656 1192 810 1253 Ovidius
825 1200 855 1253 et
870 1193 993 1254 nimiam
1013 1204 1125 1255 amator
1139 1197 1186 1258 in-

117 1281 194 1361 genii
209 1281 264 1354 sui,
280 1279 445 1340 laudandus
458 1288 557 1339 tamen
574 1278 605 1338 in
621 1277 764 1358 partibus.
792 1277 996 1339 Cornelius
1012 1289 1110 1340 autem
1126 1281 1188 1341 Se·
1209 1289 1239 1341 89

116 1384 239 1439 verns,
262 1364 376 1426 etiamsi
391 1364 429 1424 sit
443 1362 622 1424 versificator
637 1382 726 1443 quam
741 1371 828 1443 poeta
842 1362 963 1436 melior,
984 1363 1008 1424 si
1025 1372 1138 1439 tamen,
1154 1375 1188 1426 ut

149 1501 189 1550 87.
209 1497 307 1558 Macer,
320 1495 445 1548 Aemilius
458 1511 503 1547 ons
516 1494 625 1558 Verona,

113 1567 252 1635 gestorhen
271 1568 286 1618 3
305 1580 329 1617 n.
349 1564 419 1628 dha,
436 1563 536 1615 sehrieh
555 1563 627 1615 Orni-

113 1633 237 1700 thogonia
254 1632 308 1685 und
324 1631 456 1683 Theriaaa.

148 1703 305 1763 Lucretius,
327 1699 464 1763 hilarus,
488 1699 626 1752 romischer

114 1769 209 1830 Ritter,
231 1768 301 1819 lebte
325 1784 375 1819 von
393 1769 493 1821 99-55
517 1784 541 1820 v.
560 1768 625 1830 Chr,

115 1836 216 1890 schrieh
239 1836 284 1888 das
307 1835 373 1887 noch
397 1836 527 1887 erhaltene
550 1836 625 1888 Lehr-

114 1904 219 1972 gedicht
238 1905 270 1955 de
286 1920 376 1956 accam
392 1909 501 1956 natura.

149 1974 279 2025 Atacinus
306 1973 406 2038 Varro,
433 1970 462 2024 P.
488 1970 624 2025 Terentius

114 2043 215 2095 82—36
227 2057 251 2092 r.
265 2041 329 2105 Chn,
348 2056 393 2092 aas
406 2042 473 2093 Atax
490 2040 553 2092 oder
563 2056 625 2092 vom

113 2109 183 2162 alors
201 2109 267 2160 Atax
288 2108 314 2160 in
338 2108 421 2161 Gallia
442 2108 625 2171 Narbonensis,

113 2177 257 2230 ribersetzie
287 2177 332 2229 des
359 2176 512 2242 Apollonius
539 2177 626 2241 Argo-

111 2248 223 2297 nautica
246 2244 297 2297 und
321 2244 370 2296 den
392 2244 498 2306 Aratus,
525 2243 625 2295 schrieh

112 2315 153 2366 ein
180 2313 297 2380 episches
320 2311 427 2364 Gedichi
448 2312 554 2364 Bellum
580 2311 625 2363 Se

128 2384 270 2444 conicum,
288 2380 424 2432 rersnchte
441 2379 496 2430 sich
515 2379 580 2431 auch
598 2380 624 2430 in

111 2399 157 2501 der
175 2447 265 2512 Satine,
283 2446 335 2512 vgl.
354 2445 412 2497 llor.
432 2445 485 2499 Sat.
498 2447 515 2511 Ι,
531 2450 570 2512 10,
583 2451 624 2501 46.

113 2515 624 2650 sraelitaithalassiten·

110 2648 291 2718 Beselehnung
308 2652 353 2703 des
371 2649 477 2716 Mittas,
495 2668 524 2705 so
537 2651 568 2718 V,
583 2656 623 2718 10,

110 2722 156 2773 32:
176 2721 349 2785 lucensibus,
368 2736 436 2787 quac
447 2719 525 2787 fiunt,
543 2737 624 2788 quae·

109 2791 184 2839 citur
204 2792 254 2840 aut
277 2805 361 2856 quare
383 2795 433 2841 aui
453 2791 501 2840 udi
524 2795 573 2840 aut
590 2819 622 2826 —

109 2872 167 2922 per
185 2872 269 2920 quac
286 2857 360 2917 facta
378 2859 460 2908 scant?

146 2923 213 2972 aliar
230 2924 346 2987 humilis,
365 2924 476 2976 ninilich
494 2923 587 2976 Macer.

110 3057 125 3108 d
144 2991 622 3112 scalpamniieitrr²em1gplwi5sse¹n8Naczh

109 3073 206 3177 niunden
224 3059 334 3191 dvddadui
357 3099 408 3192 dgl.
426 3096 516 3178 nocito
534 3077 622 3192 decada

109 3193 161 3246 und
180 3194 252 3258 ἔχειν
268 3191 362 3260 ὄνομα.

142 3265 275 3328 interpres
294 3264 383 3328 operis
401 3262 491 3327 alieni,
508 3277 528 3314 s.
547 3261 564 3329 ἦ
580 3265 621 3315 54.

143 3333 184 3384 88.
203 3330 322 3394 Ennius,
343 3329 372 3390 Q.
391 3330 504 3397 geboren
523 3345 554 3382 zu
572 3328 624 3384 Ru-

109 3397 151 3450 dii
172 3398 199 3449 in
217 3397 352 3450 Kalahrien
377 3400 427 3450 239
449 3414 473 3450 v.
493 3397 558 3462 Chr,
579 3398 624 3450 he-

108 3467 194 3519 rirhmt
207 3466 287 3519 durch
298 3465 340 3518 die
353 3481 401 3519 uns
414 3467 480 3519 noch
492 3467 519 3517 in
528 3464 624 3518 Bruch-

110 3534 217 3587 stircken
236 3533 384 3587 erhaltenen
402 3534 534 3596 Annalen,
553 3533 624 3586 dich-

110 3607 163 3655 tete
185 3603 246 3654 aber
269 3603 333 3655 euch
350 3603 424 3654 Lust-
445 3602 498 3654 und
515 3600 623 3654 Treuer-

110 3669 622 3790 {pipeleundschriehssturaegestorben

141 3778 296 3889 propiores,
320 3806 431 3858 ninilich
450 3807 508 3859 dem
526 3804 622 3873 Vergil.

144 3874 267 3939 laedam,
296 3871 439 3940 tindelnd',
457 3890 477 3927 s.
495 3873 556 3926 Hor.
573 3874 622 3927 hrs

108 3948 179 4009 poet.
198 3944 245 3993 10¹1
265 3945 345 3993 acrba
368 3943 462 3994 decent
479 3973 512 3982 η
531 3942 623 3994 luden-

677 1502 728 1547 tem
747 1497 846 1547 maaian
867 1496 919 1548 und
937 1496 1022 1556 Quini.
1039 1495 1081 1562 lv,
1101 1501 1121 1556 1,
1141 1500 1187 1549 il:

678 1565 728 1616 lita
750 1581 814 1615 aera
836 1564 940 1631 frigida
964 1571 990 1615 ct
1005 1565 1121 1631 puerilia
1149 1571 1188 1616 cst

675 1635 705 1683 in
717 1632 815 1683 scholis
827 1631 979 1698 adfectatio,
992 1637 1024 1683 ut
1033 1636 1089 1699 ipse
1102 1638 1189 1684 trans

675 1704 730 1752 iius
752 1700 855 1763 efficiat
877 1702 997 1766 aliquam
1018 1704 1111 1769 ahaua
1131 1718 1189 1752 cen-

677 1771 788 1821 tentiam
806 1773 833 1819 ct
848 1771 929 1821 huius
940 1770 1013 1821 aciat
1022 1774 1187 1836 praestigiae

674 1839 800 1905 plausum
816 1841 906 1904 petat,·
928 1844 959 1889 ut
978 1838 1088 1889 Ouidius
1112 1839 1189 1889 lasci-

675 1909 732 1957 ac're
766 1908 796 1955 in
827 1904 1080 1970 Metamorphosesin
1113 1907 1187 1972 solat,

676 1989 752 2040 quem
777 1979 864 2023 tamen
891 1990 1021 2024 excusare
1046 1979 1187 2025 necessitas

674 2044 770 2107 potest,
781 2056 824 2090 aas
833 2041 1025 2092 diversissimas
1036 2044 1187 2108 inspeciem

676 2110 758 2158 unius
776 2111 896 2173 corporis
914 2108 1087 2173 colligentem.

710 2179 740 2225 in
758 2177 853 2237 laerois,
872 2175 897 2226 in
914 2176 972 2227 dem
989 2177 1024 2226 im
1036 2177 1186 2229 heroisohen

677 2243 1187 2310 VersmeiseobgelalstenGedichie‚den

675 2311 907 2378 Metamorphosen.

711 2381 828 2446 Ovidius,
846 2379 875 2434 P.
894 2380 963 2433 Naso
982 2383 1014 2434 43
1032 2397 1057 2433 v,
1072 2380 1128 2432 Chr.
1146 2381 1187 2434 bis

678 2451 707 2502 1r
727 2465 750 2499 n.
770 2448 825 2500 Chr.

709 2521 816 2567 amator
832 2518 938 2581 ingenii
954 2518 1006 2578 saci,
1024 2516 1076 2581 rgl.
1097 2518 1169 2598 §lid

675 2587 879 2717 ...leitila
892 2583 1187 2718 sagittarent

673 2720 725 2773 und
750 2719 908 2786 ihnlichem,
935 2719 994 2771 sehr
1015 2719 1187 2787 gewohnlieh,

673 2788 726 2854 vgl.
751 2792 776 2848 2,
800 2791 840 2841 26.
864 2792 887 2851 l,
907 2790 949 2840 25.
974 2786 1025 2852 Vll,
1049 2791 1073 2854 2,
1091 2790 1138 2841 22:
1164 2793 1189 2839 si

674 2857 782 2924 quando
810 2858 845 2906 in
868 2859 1028 2920 partibus
1055 2858 1188 2908 laborabi-

674 2939 739 2985 mus,
757 2925 932 2975 universitate
945 2925 1126 2989 pugnandum
1140 2931 1185 2978 ast.

708 2993 748 3044 89.
777 2991 915 3044 Cornelius
938 2992 1064 3058 Scaeam,
1087 2992 1186 3047 Freund

674 3058 719 3111 des
738 3058 811 3126 ovid,
830 3059 874 3111 der
892 3060 935 3112 ihn
953 3060 1033 3129 Epist.
1053 3076 1084 3113 ex
1102 3060 1185 3113 Ponto

672 3126 715 3192 Ν,
733 3131 757 3193 2,
777 3131 789 3180 1
810 3128 924 3181 anredet:
948 3130 1058 3183 Oaatcs
1075 3145 1187 3196 magno·

672 3211 733 3247 rum
751 3200 869 3248 manime
888 3212 990 3263 regum.
1026 3197 1072 3249 Eia
1091 3196 1187 3249 Brach-

674 3263 750 3316 stirols
773 3265 814 3316 bei
837 3263 870 3318 hl.
895 3264 992 3316 Seneca
1012 3263 1084 3316 Sues.
1103 3267 1119 3316 a
1141 3265 1186 3317 he·
1265 3266 1267 3275 '

674 3331 764 3399 stitlgt
781 3331 888 3393 Quint’s
906 3331 994 3384 Urteil.

709 3402 883 3465 carnficator,
895 3400 965 3452 kann
975 3415 1066 3467 wegen
1079 3398 1124 3451 des
1136 3399 1185 3452 lol—
1297 3469 1299 3473 y

674 3467 774 3535 geoden
804 3469 885 3522 Lobes
921 3469 992 3521 nicht
1021 3470 1056 3519 im
1085 3467 1186 3534 gering-

674 3535 822 3602 schitzigen
841 3536 918 3588 Sinne
943 3536 1097 3589 verstenden
1121 3551 1186 3587 wer-

673 3603 732 3668 den,
744 3602 825 3656 findet
837 3604 891 3656 sich
902 3604 1016 3656 iiberhau
1036 3607 1047 3654 t
1059 3618 1106 3656 nur
1118 3605 1185 3657 noch

672 3671 871 3792 finin³5i9¹1⁰f⁸fi¹¹‘
890 3670 930 3736 Vl,
943 3673 968 3736 9,
986 3620 1038 3738 rgd.
1056 3671 1115 3725 Hor.
1130 3671 1183 3726 Sat.

684 3777 691 3802 a
728 3776 735 3804 r
814 3778 820 3790 ·

707 3811 732 3858 si
746 3813 842 3871 tamen,
860 3807 956 3860 chenso
969 3807 1020 3858 wie
1032 3811 1087 3859 nisi
1097 3813 1185 3862 tamen

674 3874 717 3927 bei
727 3874 811 3937 Quint.
822 3874 881 3927 sehr
892 3873 962 3927 hiuil
993 3891 1037 3927 aar
1047 3875 1187 3930 Besehrin·

673 3941 752 4011 hung,
766 3943 817 3996 and
829 3957 899 3995 zwer
911 3958 949 4007 so,
964 3889 1019 3995 dale
1032 3943 1077 3997 das
1089 3945 1187 4010 cigent-
