2684 4508
159 228 201 292 84
521 231 857 299 maurentio-21.
935 223 936 228 ’

159 407 250 470 videri
264 417 371 487 potest,
392 408 481 486 quod,
502 425 571 468 cum
585 407 669 469 stilus
684 418 797 469 secreto
813 406 937 486 gaudeat
951 419 1038 484 atque
1060 423 1166 466 omnes
1183 423 1237 465 ar-

155 492 253 555 bitros
275 492 458 567 reformidet,
482 492 688 573 extemporalis
708 491 784 553 actio
807 491 974 552 auditorum
996 490 1173 570 frequentia,
1201 499 1237 551 ut

104 587 136 638 17
158 577 242 641 miles
257 586 400 655 congestu
415 577 579 655 signorum,
595 577 748 638 excitatur.
779 577 911 655 Namque
927 588 956 638 et
966 576 1161 636 difficiliorem
1178 594 1236 636 co-

132 725 134 731 ,
160 663 332 741 gitationem
354 660 491 741 exprimit
511 673 541 722 et
561 662 681 741 expellit
699 661 817 722 dicendi
840 661 1007 735 necessitas,
1034 669 1064 721 et
1081 661 1238 722 secundos

160 747 287 827 impetus
308 757 395 825 auget
417 747 553 826 placendi
576 746 693 826 cupido.
723 745 804 806 Adeo
825 747 955 826 pretium
970 745 1068 807 omnia
1082 754 1233 824 spectant,

160 841 193 893 ut
207 831 376 911 eloquentia
391 849 519 911 quoque,
536 849 714 909 quamquam
735 831 896 910 plurimum
910 831 1015 893 habeat
1030 831 1062 892 in
1076 849 1108 892 se
1123 831 1234 910 volup·

159 917 235 991 tatis,
250 917 376 979 maxime
391 927 491 985 manen
512 915 662 995 praesenti
685 916 783 976 fructu
803 916 897 977 laudis
911 916 1120 995 opinionisque
1137 916 1234 976 duca·
1258 918 1262 924 '

107 1011 137 1064 18
158 1011 216 1064 tur.
245 1003 305 1063 Nec
321 1001 477 1080 quisquam
499 1010 614 1062 tantum
635 1000 705 1061 fidat
724 1001 855 1080 ingenio,
877 1010 910 1061 ut
924 1000 954 1063 id
969 1000 1024 1062 sibi
1039 1009 1138 1079 speret
1151 1000 1232 1062 inci·

159 1086 253 1166 pienti
274 1087 372 1148 statim
394 1106 483 1167 posse
498 1086 687 1164 contingere3
709 1087 759 1148 sed
781 1085 857 1147 sicut
872 1085 903 1146 in
919 1086 1098 1164 cogitatione
1113 1086 1232 1165 praeci-

160 1170 266 1251 pimus,
275 1172 314 1233 ita
321 1172 488 1234 facilitatem
498 1190 617 1250 quoque
625 1172 851 1250 extemporalem
859 1190 875 1232 a
883 1171 979 1251 parvis
985 1171 1077 1232 initiis
1088 1171 1235 1250 paulatim

159 1257 356 1337 perducemus
370 1256 407 1317 ad
421 1275 574 1330 summam,
590 1275 665 1334 quae
680 1274 779 1334 neque
791 1256 892 1335 perfici
904 1275 1001 1334 neque
1013 1256 1160 1317 contineri
1173 1255 1235 1317 nisi

108 1350 137 1403 19
161 1360 216 1404 usu
232 1352 339 1421 potest.
369 1341 508 1404 Ceterum
522 1341 678 1422 pervenire
694 1360 730 1402 eo
745 1340 841 1413 debet,
856 1351 890 1401 ut
900 1340 1039 1418 cogitatio
1052 1360 1113 1402 non
1127 1341 1237 1419 utique

159 1427 265 1488 melior
280 1429 317 1489 sit
332 1445 365 1488 ea
379 1427 431 1488 sed
447 1427 554 1500 tutiur;
570 1444 639 1488 cum
652 1426 729 1487 banc
744 1426 913 1487 facilitatem
925 1445 985 1487 non
998 1426 1029 1487 in
1042 1444 1131 1505 prosa
1142 1427 1235 1486 modo

160 1512 244 1573 multi
260 1512 319 1573 sint
335 1512 487 1573 consecuti
501 1512 552 1573 sed
568 1510 654 1571 etiam
672 1510 702 1571 in
714 1510 854 1585 carmine,
872 1520 904 1572 ut
920 1511 1075 1592 Antipater
1092 1510 1236 1572 Sidonius

160 1605 190 1656 et
205 1597 336 1659 licinius
350 1597 488 1672 Archiam
505 1594 686 1657 credendum
701 1595 781 1657 enim
794 1595 930 1657 Ciceroni
945 1606 998 1670 est,
1013 1615 1076 1656 non
1091 1596 1160 1674 quia
1176 1615 1238 1656 no-

160 1681 229 1742 stris
251 1699 370 1760 quoque
391 1680 575 1760 temporibus
597 1699 658 1741 non
676 1688 705 1741 et
724 1680 850 1741 fecerint
865 1680 982 1759 quidam
997 1681 1055 1742 boc
1070 1690 1099 1740 et
1112 1680 1238 1742 faciant.

160 1763 247 1835 Quod
262 1772 359 1826 tamen
384 1785 446 1825 uon
470 1765 567 1843 ipsum
587 1774 646 1824 tam
667 1764 820 1844 probabile
834 1776 907 1844 puto
922 1769 1032 1844 (neque
1048 1765 1129 1826 enim
1142 1765 1236 1827 babet

159 1858 209 1909 aut
223 1867 310 1910 usum
324 1868 373 1910 res
387 1859 440 1910 aut
453 1849 670 1923 necessitatem)
692 1867 780 1927 quam
796 1850 985 1912 exhortandis
999 1852 1029 1911 in
1045 1851 1122 1911 hanc
1138 1870 1235 1931 spem,

109 1945 138 1997 20
149 1933 212 2022 ,qui
225 1934 292 1994 foro
307 1945 530 2014 praeparantur,
545 1934 617 1995 utile
632 1934 808 2013 exemplum.
838 1934 941 2013 Neque
956 1954 1025 1996 vero
1041 1934 1153 1997 tantam
1167 1955 1239 1998 esse

160 2037 300 2097 umquam
315 2019 451 2082 fiduciam
466 2019 613 2081 facilitatis
633 2019 729 2093 velim,
750 2026 784 2080 ut
807 2038 868 2080 non
885 2019 974 2081 breve
988 2021 1089 2082 saltem
1104 2029 1235 2101 tempus,

160 2105 239 2181 quod
255 2123 401 2185 nusquam
417 2106 479 2168 fere
494 2105 596 2179 deerit,
619 2103 655 2165 ad
671 2123 705 2166 ea
720 2123 798 2184 quae
810 2104 919 2167 dicturi
933 2124 1035 2167 sumus
1050 2106 1236 2185 dispicienda

160 2208 326 2253 sumamus:
343 2190 422 2269 quod
439 2188 558 2268 quidem
574 2190 604 2258 in
621 2190 737 2252 iudiciis
751 2208 785 2251 ac
797 2190 863 2252 foro
876 2190 963 2251 datur
974 2210 1100 2270 semper.
1130 2192 1237 2272 Neque

109 2283 138 2335 21
159 2275 240 2336 enim
255 2275 411 2354 quisquam
427 2284 480 2350 est,
502 2275 553 2354 qui
568 2293 694 2349 causam,
718 2293 805 2353 quam
830 2295 891 2336 non
913 2276 1055 2348 didicerit,
1071 2286 1145 2356 agat.
1175 2277 1239 2338 lie·

162 2360 337 2421 clamatores
351 2359 494 2438 quosdam
508 2378 645 2440 perversa
669 2359 749 2420 ducit
771 2361 901 2435 ambitio,
917 2370 950 2423 ut
965 2361 1095 2440 exposita
1111 2371 1239 2423 contro·

159 2445 254 2507 versia
268 2445 406 2525 protinus
421 2445 519 2507 dicere
533 2444 639 2521 velint;
657 2444 729 2523 quin
746 2445 842 2521 etiam,
858 2447 937 2526 quod
954 2454 999 2508 est
1014 2445 1044 2506 in
1061 2446 1165 2528 primis
1179 2447 1237 2508 fri-

155 2529 258 2592 'volum
279 2549 312 2593 ac
334 2530 513 2604 scaenicum,
537 2529 658 2593 verbum
681 2539 792 2609 petant,
822 2550 881 2609 quo
904 2531 1058 2610 incipiant.
1092 2530 1150 2592 Sed
1173 2541 1238 2593 tam.

159 2616 391 2678 contumeliosos
407 2615 437 2675 in
450 2634 481 2677 se
493 2615 570 2677 ridet
580 2615 708 2676 invicem
717 2615 894 2693 eloquentia,
912 2627 941 2676 ot
958 2616 1008 2695 qui
1026 2616 1123 2678 stultis
1141 2616 1238 2678 videri

194 2750 234 2800 17.
252 2748 375 2811 impellit,
393 2747 444 2811 vgl.
463 2746 509 2798 das
526 2746 584 2799 Bild
602 2749 626 2811 3,
644 2749 668 2798 6.
755 2747 877 2798 Licinius
899 2748 1028 2814 Archias,
1054 2750 1107 2815 agl.
1130 2748 1180 2800 cic.
1207 2765 1237 2815 p.

191 2815 321 2866 sumendos
337 2817 451 2880 impetus
465 2810 670 2881 ‘schwungvolle
721 2815 886 2876 Arch.8,18:
900 2818 1020 2880 quotiens
1029 2832 1078 2881 ego
1088 2817 1236 2879 bunoaidi,

157 2876 360 2948 Begeisterunp’.
722 2898 781 2934 oum
809 2883 928 2934 litteram
949 2886 1099 2950 aeriprsireet
1122 2885 1237 2949 numm,

195 2951 233 3004 18.
243 2949 282 3011 id,
291 2949 442 3003 nimliclreoe
449 2954 566 3016 ternpore
574 2950 670 3002 dicere.
721 2966 849 3016 magam
859 2966 999 3002 numanam
1008 2956 1238 3020 optimos-amosa·-

188 3020 380 3084 praeeipimua,
398 3034 418 3083 s,
438 3021 461 3081 6,
481 3020 506 3071 3.
719 3035 797 3070 auam
815 3019 847 3069 de
859 3021 894 3069 iia
906 3021 972 3085 ipsis
989 3023 1075 3086 rebus,
1095 3038 1163 3088 quae
1175 3025 1235 3071 tum

194 3087 233 3139 19.
248 3087 278 3136 in
288 3102 379 3152 prora.
399 3084 468 3137 Uber
480 3085 669 3138 denGebraucb
721 3093 875 3152 agerentur,
891 3088 980 3139 dicere
996 3105 1031 3139 aa
1049 3093 1181 3155 tenpore!

158 3152 204 3206 des
222 3152 325 3206 Wortes
344 3169 364 3206 s.
382 3168 414 3204 zu
435 3155 457 3216 l,
476 3156 517 3207 Sl.
538 3185 549 3217 5
756 3158 885 3222 nunquia
901 3155 1015 3217 famant.
1040 3155 1157 3209 Dadureh
1169 3157 1235 3208 wird

191 3223 336 3288 Antipater
355 3221 491 3286 Sidonius,
509 3221 550 3273 ein
569 3221 671 3275 alexan·
722 3224 764 3274 ein
787 3222 826 3275 als
852 3223 964 3289 mdglich
987 3224 1124 3288 gedaehter
1147 3225 1236 3278 Grund

158 3289 299 3343 drinischer
327 3289 508 3357 Improvisatcr
542 3304 586 3340 um
622 3291 669 3342 135
721 3290 956 3356 amuclxgewiesen.
983 3292 1016 3344 Es
1027 3297 1124 3359 genugt
1135 3293 1177 3345 die
1186 3291 1235 3345 Be-

158 3373 183 3409 v.
194 3357 259 3422 Chr,
269 3358 321 3423 vgl.
332 3358 383 3410 Cic.
393 3358 425 3410 de
434 3361 497 3410 orat
507 3356 547 3422 lll,
555 3360 597 3422 50,
611 3360 670 3410 194:
722 3359 815 3425 miung
826 3359 871 3410 auf
879 3359 974 3411 Cicero.
991 3359 1038 3412 Bel
1046 3359 1152 3422 saciant
1161 3361 1237 3414 batte

157 3428 301 3492 Antipater
313 3455 346 3464 -
358 3426 453 3477 solitus
467 3430 504 3476 est
521 3441 611 3476 verme
627 3427 671 3475 be·
723 3425 809 3487 Quint
833 3425 963 3479 vielleieht
981 3426 1079 3480 Statius
1099 3429 1151 3481 und
1169 3428 1236 3481 lilar-

158 3498 295 3545 uameiros
320 3494 439 3558 aliosque
470 3496 555 3544 variis
586 3493 671 3544 modia
723 3493 792 3546 tialis
809 3494 843 3545 im
861 3495 941 3560 Auge.

159 3566 238 3628 atque
249 3565 368 3613 numm'a
377 3561 491 3623 fundare
503 3578 538 3613 em
547 3566 670 3627 lantpero,
757 3565 797 3615 at.
815 3562 951 3624 frivolam.
977 3563 1026 3614 liin
1035 3561 1109 3614 Wort
1120 3565 1238 3628 spiterer

159 3634 314 3695 tantumque
342 3631 457 3680 bominis
479 3632 613 3694 ingeniosi
639 3646 672 3681 ae
722 3629 851 3682 Latinitas.
886 3630 976 3682 Festus
994 3646 1014 3683 s.
1033 3646 1057 3682 r.
1081 3635 1152 3698 sagi:
1170 3633 1236 3684 Fri·

158 3700 284 3748 memorie
309 3698 398 3749 valuit
427 3700 600 3763 exercitatio,
632 3703 671 3764 ui,
723 3700 783 3749 oola
799 3701 909 3764 proprie
926 3715 988 3750 vasa
1012 3697 1110 3760 fictilia
1129 3717 1234 3766 quassa,

154 3779 219 3816 oum
236 3782 265 3815 aa
281 3771 366 3817 mente
381 3782 413 3817 ac
431 3766 568 3817 voluntate
585 3769 672 3818 conie-
722 3767 793 3818 undo
804 3767 877 3818 dicta
889 3769 969 3818 cerba
984 3765 1085 3827 frivola
1104 3785 1173 3834 quae
1184 3770 1236 3819 mi·

159 3835 239 3884 eisaei
255 3837 284 3885 in
301 3849 419 3899 emaum,
438 3836 518 3886 verba
534 3850 672 3901 sequeren-
723 3850 774 3885 nus
790 3839 854 3885 suni
872 3834 928 3916 pide
944 3836 1074 3898 aethnicum
1098 3837 1166 3889 daun
1191 3836 1240 3887 be-

157 3905 212 3954 tur.
723 3901 811 3954 deutet
828 3917 856 3954 es
882 3895 987 3956 albern’.
